3650 5684
422 432 624 531 [295]
1310 458 1564 512 cnoms
1615 460 2021 513 PATRATUM.
2486 393 2493 397 ³
2849 445 2893 517 7

421 655 510 746 μὴ
556 649 997 721 είσελθέτωσαν
1042 649 1106 692 ¹⁵¹¹
1155 655 1233 719 τὰ
1284 651 1483 748 ἀγαθὰ
1524 656 1633 723 τοῦ
1675 656 1911 747 κόσμου
1963 654 2185 722 τούτου
2246 655 2507 725 ἐνώπιόν
2561 662 2709 749 [μου
2771 659 2880 725 τοῦ

416 766 702 837 ταπεινοῦ
727 764 770 850 ἢ
805 767 1166 862 ἔμπροσθεν]
1203 766 1269 809 ⁶⁸
1300 771 1423 837 τῶν
1458 765 1789 864 ὀφθαλμῶν
1827 795 1945 862 μου
1989 768 2053 808 99
2080 826 2096 843 .
2141 773 2229 863 μὴ
2263 773 2502 866 γένοιτό
2558 798 2664 864 μοι
2714 772 2882 867 κύριε

420 885 576 978 μήτε
612 887 761 978 μίαν
812 886 1049 979 ἡμέραν
1082 882 1151 924 ⁸⁰
1199 886 1308 952 τοῦ
1361 887 1637 954 ἐνιαυτοῦ
1687 883 1889 980 ἀγαθή
1929 884 2021 964 ⁸¹,
2067 886 2225 978 μήτε
2277 886 2762 982 μετεωρισθῶσιν
2819 892 2883 957 oz

418 997 718 1096 ὀφθαλμοί
770 1025 888 1093 μου
926 1004 1044 1082 τῆς
1090 1002 1498 1092 ματαιότητος
1542 999 1606 1039 ⁶²
1637 1002 1747 1067 τοῦ
1782 1003 2002 1080 αίῶνος
2045 1000 2264 1070 τούτου
2295 1021 2318 1043 ·
2375 999 2514 1070 ἀλλ’
2563 1000 2884 1095 ἔμπλησον

346 1132 383 1185 ὓ
414 1114 579 1209 κύριε
611 1116 754 1195 τοὺς
786 1113 1134 1211 ὀφθαλμούς
1172 1142 1290 1209 μου
1319 1114 1591 1209 δακρύων
1617 1119 2046 1208 πνευματικῶν
2082 1115 2171 1197 ⁶⁸,
2201 1118 2307 1185 καὶ
2331 1119 2448 1199 τὴν
2474 1117 2724 1211 καρδίαν
2764 1144 2882 1212 μου

413 1230 677 1326 φώτισον
714 1236 799 1310 είς
822 1233 1159 1327 ἐπίγνωσιν
1206 1233 1329 1299 τῶν
1364 1234 1490 1300 σῶν
1517 1228 1807 1311 ἐντολῶν,
1849 1233 1952 1299 καὶ
1980 1231 2255 1327 δώρησαί
2290 1259 2398 1324 μοι
2436 1232 2666 1327 δωρεὰν
2701 1239 2781 1319 ἣν
2817 1233 2882 1273 ⁶⁴

412 1344 702 1440 ἐδωρήσω
746 1349 877 1426 τοῖς
911 1346 1012 1414 ἀπ’
1046 1349 1267 1425 αἰῶνός
1303 1371 1402 1414 σοι
1453 1348 1932 1441 εύαρεστήσασιν
1963 1346 2062 1421 ⁶³.
2097 1349 2159 1415 τί
2183 1350 2303 1443 γάρ
2355 1374 2461 1442 μοι
2517 1350 2786 1445 ὑπάρχει
2811 1351 2882 1418 τὸ

410 1458 668 1541 πήλινον
696 1464 913 1555 σῶμα;
942 1466 1024 1552 [εί
1051 1464 1164 1554 μὴ]
1202 1461 1267 1500 ⁶⁶
1288 1461 1585 1557 βόρβορός
1611 1487 1704 1541 τις
1728 1461 1792 1501 ⁶⁷
1810 1462 2136 1543 δυσωδίας,
2153 1464 2256 1531 καὶ
2279 1465 2350 1533 τὸ
2368 1460 2797 1556 καλλώπισμα
2816 1464 2882 1505 ⁶⁸

409 1579 587 1646 τοῦτο
631 1577 696 1617 ⁶³⁹
728 1578 1044 1673 γύμνωσίς
1076 1581 1241 1646 ἐστιν
1284 1581 1396 1659 τῆς
1442 1575 1744 1673 ἀφθάρτου
1790 1577 1855 1617 '¹⁰
1893 1579 2103 1674 ψυχῆς
2148 1577 2211 1618 ⁷¹
2242 1634 2260 1652 .
2290 1577 2455 1647 ἔστιν
2483 1578 2554 1618 '⁷²
2600 1578 2665 1647 δὲ
2710 1578 2773 1618 ’9
2807 1582 2876 1648 τὸ

310 1710 374 1764 ⁴0
410 1697 520 1775 τῆς
546 1695 759 1790 ψυχῆς
799 1691 1027 1785 ἔνδυμα
1071 1695 1277 1772 πίστις
1313 1691 1459 1787 ὀρθὴ
1510 1695 1662 1787 πρὸς
1707 1692 1839 1762 θεόν
1876 1689 1971 1773 ⁷⁴,
2003 1694 2321 1789 γύμνωσις
2359 1696 2461 1762 καὶ
2507 1694 2571 1735 '¹⁸
2619 1691 2878 1787 ἀμέλεια

410 1811 657 1903 σαρκός,
697 1811 874 1877 πείνα
907 1809 1010 1876 καὶ
1037 1808 1187 1901 δίψα
1219 1809 1321 1876 καὶ
1346 1807 1605 1891 ἄσκησις
1643 1806 1948 1904 ἀγγελική
1981 1806 2099 1906 (1),
2153 1805 2499 1904 ξηροκοιτία
2539 1806 2872 1905 καίάγρυ-

406 1926 578 2004 πνία,
615 1926 937 2019 προσευχὴ
972 1924 1074 1991 καὶ
1104 1922 1359 2017 δάκρυα,
1402 1925 1736 2020 στεναγμοὶ
1768 1925 1873 1992 καὶ
1910 1927 2222 2017 μετάνοιαι
2260 1924 2324 1965 '¹⁶
2350 1923 2467 2023 (ᾖ),
2507 1927 2769 2021 ἡσυχίαι
2813 1926 2877 1966 '¹'

405 2041 506 2107 καὶ
543 2037 976 2132 ἐλεημοσῦναι,
1010 2040 1112 2137 καί
1137 2041 1339 2108 πάντα
1369 2042 1447 2107 τὰ
1497 2043 1722 2133 ἀρεστὰ
1753 2042 1863 2108 τοῦ
1899 2036 2033 2108 θεοῦ
2065 2095 2082 2115 .
2113 2045 2175 2110 ἐν
2220 2038 2284 2081 '¹⁸
2314 2041 2553 2120 τούτοις
2586 2043 2707 2137 γὰρ
2742 2045 2870 2121 τοῖς

404 2151 919 2247 καλλωπίσμασιν
945 2155 1325 2250 εὐφραίνεται
1360 2156 1402 2235 ὴ
1440 2153 1618 2249 ψυχή
1643 2207 1660 2224 .
1701 2155 1764 2221 τί
1788 2156 1921 2249 γὰρ.
1936 2154 2222 2237 ἐπιζητεῖ
2260 2155 2323 2195 '¹⁹
2365 2159 2408 2238 ὴ
2443 2156 2621 2251 ψυχὴ
2658 2161 2723 2224 ἐκ
2757 2160 2866 2225 τοῦ

303 2288 368 2339 45
404 2270 689 2364 σώματος
731 2269 830 2351 ⁸⁹;
874 2269 1045 2339 οὐδὲν
1079 2267 1145 2309 ⁸²
1171 2274 1228 2338 εί
1262 2272 1350 2362 μὴ
1382 2268 1564 2362 μόνον
1606 2265 1672 2309 ⁸¹
1704 2274 1909 2337 πᾶσαν
1938 2268 2325 2353 δικαιοσύνην
2357 2272 2461 2339 καὶ
2496 2268 2823 2362 εὐλάβειαν
2844 2327 2860 2344 .

403 2387 471 2454 τὸ
506 2385 572 2453 δὲ
613 2384 679 2426 99
720 2388 913 2486 ’σῶμα
960 2387 1154 2453 ταῦτα
1201 2384 1485 2465 ἐπιζητεῖ
1521 2382 1587 2425 ⁸⁴
1611 2404 1629 2423 ·
1677 2386 1792 2466 τὴν
1838 2388 2174 2481 παμφάγον
2224 2388 2717 2482 γαστριμαργίαν
2765 2388 2868 2454 καὶ

388 2488 696 2582 ἀσωτίαν,
750 2498 1154 2597 φιλαργυρίαν
1193 2499 1260 2541 ⁸⁶
1311 2501 1414 2568 καὶ
1457 2505 1662 2570 πᾶσαν
1701 2499 2097 2595 ἀκαθαρσίαν,
2146 2504 2480 2598 φαντασίας
2527 2502 2630 2568 καὶ
2675 2528 2866 2584 πονη·

404 2619 535 2712 ρίας
569 2616 660 2696 ⁸⁶,
694 2617 1014 2709 ἐπιθυμίας
1040 2619 1228 2695 κακὰς
1263 2616 1329 2657 ⁸⁷
1362 2617 1465 2685 καὶ
1497 2618 1697 2685 πάντα
1722 2619 1807 2683 τὰ
1845 2618 1934 2708 μὴ
1970 2615 2116 2685 ὄντα
2147 2618 2297 2713 πρὸς
2331 2616 2462 2686 θεὸν
2497 2620 2722 2711 ἀρεστά
2755 2616 2857 2688 ⁸⁸.

402 2738 464 2802 ἐν
488 2734 738 2813 ταύταις
759 2729 825 2772 99
841 2734 974 2810 ταῖς
1002 2731 1350 2823 ἐπιθυμίαις
1376 2734 1583 2827 χαίρει
1610 2733 1680 2799 τὸ
1708 2734 1892 2824 σῶμα
1913 2733 2015 2799 καὶ
2046 2736 2134 2821 [ἐν
2159 2733 2421 2821 τούτοις]
2446 2731 2510 2773 99
2534 2730 2864 2828 αἰχμαλω-

300 2867 364 2919 20
398 2849 629 2930 τίζεται
677 2852 721 2930 ὴ
763 2847 1021 2916 τάλαινα
1065 2846 1129 2887 ⁹¹
1178 2848 1357 2943 ψυχή
1392 2902 1409 2922 .
1464 2846 1587 2943 ἐγὼ
1641 2846 1706 2914 δὲ
1740 2850 1772 2914 ὁ
1828 2847 2192 2942 ἁμαρτωλὸς
2241 2850 2345 2917 καὶ
2377 2844 2768 2943 ταλαίπωρος
2799 2850 2864 2915 τί

398 2964 682 3045 ποιήσω;
727 2963 1032 3054 βοηθησόν
1070 2990 1177 3057 μοι
1211 2962 1275 3002 99
1309 2962 1476 3056 κύριε
1513 2965 1544 3031 ὁ
1585 2960 1715 3040 θεός
1763 2988 1882 3055 μου
1933 2964 2037 3031 καὶ
2086 2960 2268 3046 τῆξόν
2304 2989 2423 3057 μου
2457 2964 2528 3031 τὸ
2565 2965 2747 3055 σῶμα
2783 2964 2866 3042 ὡς

400 3244 481 3253 -
509 3207 564 3247 ⁶⁷
590 3216 672 3269 ita
721 3209 887 3278 ΡΣΙ),
923 3206 1218 3267 εἰσέλθωσιν
1266 3206 1332 3269 Δ.
1369 3242 1450 3251 -
1489 3205 1553 3246 ⁵⁸
1584 3205 1935 3287 (μου-ἔμπρ.)
1981 3207 2139 3286 Α(Ο),
2192 3228 2296 3282 μου
2333 3210 2425 3264 καὶ
2462 3203 2760 3286 ἔμπροσθεν
2788 3212 2858 3276 V,

399 3313 510 3352 om.
546 3297 710 3363 PQD.
748 3326 829 3336 —-
878 3289 934 3329 ⁵⁹
962 3292 1105 3369 (μου)
1138 3291 1270 3367 ἐμοῦ
1300 3298 1394 3348 τοῦ
1422 3298 1673 3349 ταπεινοῦ
1702 3295 1771 3350 V.
1810 3324 1891 3334 —-
1926 3287 1983 3326 ⁶⁰
2011 3291 2092 3367 (μ.
2127 3291 2253 3366 ἦμ.)
2285 3289 2490 3367 (2)v0‚
2542 3289 2636 3365 μία
2687 3290 2864 3370 ἡμέρα

401 3379 568 3434 PAD.
604 3410 686 3419 —
707 3373 761 3411 ⁶¹
788 3396 902 3434 scr.
930 3374 1205 3452 γεγηθέναι
1231 3378 1279 3432 2.
1315 3407 1395 3417 -
1424 3370 1478 3409 ⁶²
1509 3374 1579 3450 (τ.
1615 3376 1701 3450 μ.)
1723 3381 1790 3443 τῆ
1825 3372 2143 3449 ματαιότητι
2187 3375 2284 3429 UO
2317 3376 2532 3430 Sisinn.
2579 3407 2661 3417 —
2703 3368 2758 3407 ⁶⁸
2786 3370 2858 3450 (δ.

398 3461 506 3537 πν.)
556 3456 761 3538 δάκρυα
810 3459 1141 3533 πνευματικὰ
1187 3460 1254 3514 V.
1295 3490 1377 3500 ——
1405 3452 1460 3492 ⁶4
1489 3454 1710 3535 (δωρεὰν
1742 3458 1825 3534 ἣν)
1857 3453 2005 3534 δῶρα
2037 3458 2070 3510 ἃ
2093 3458 2164 3519 Α.
2194 3454 2341 3531 κύριε
2371 3455 2447 3518 ὡς
2476 3458 2543 3512 Ο.
2579 3488 2660 3498 -
2690 3451 2745 3490 ⁶⁶
2786 3456 2858 3531 (σ.

400 3540 498 3619 εὖ.)
529 3540 678 3620 εὔαρ.
708 3562 795 3598 σοι
824 3544 893 3602 Α.
922 3573 1005 3584 -
1029 3535 1083 3574 ⁶⁶
1112 3537 1176 3615 (εἰ
1200 3540 1294 3617 μὴ)
1324 3536 1393 3614 Δ,
1427 3536 1547 3597 ἀλλ’
1569 3538 1603 3608 ἢ
1635 3543 1704 3607 D,
1730 3537 1766 3607 ἢ
1797 3543 2039 3607 Sasiam,
2076 3558 2184 3598 om.
2210 3535 2333 3608 ΡΣ;
2361 3542 2469 3612 cfr.
2488 3534 2746 3596 15.—⁰⁷
2766 3546 2863 3607 τῆς

399 3620 517 3691 ΔΙ),
545 3621 757 3702 πλήρης
790 3618 1103 3701 Q(C).—‘³8
1130 3628 1223 3679 τοῦ
1248 3621 1500 3698 σώματος
1524 3625 1661 3680 add.
1689 3625 1809 3679 AO.
1832 3655 1914 3663 —
1935 3617 1991 3655 ⁶⁹
2011 3618 2204 3677 τούτου
2222 3624 2288 3678 Ο.
2325 3653 2407 3662 -
2429 3616 2483 3654 ⁷⁰
2503 3626 2585 3678 ita
2607 3618 2857 3698 P(QC)O,

400 3705 706 3785 ἀκαθάρτου
720 3703 953 3764 V.—⁷¹
982 3707 1162 3782 (τοῦτο
1184 3703 1583 3782 γύμν.-ψυχῆς)
1613 3725 1723 3762 om.
1743 3707 1813 3762 A.
1849 3737 1929 3746 —
1961 3699 2012 3738 ⁷²
2042 3698 2443 3779 (ἔστιν-ἔνδυμα)
2471 3704 2535 3759 τὸ
2565 3700 2623 3759 δὲ
2645 3699 2866 3759 καλλώ-

398 3810 572 3906 πισιζῗ
592 3796 690 3928 {fig
713 3791 893 3927 ψοὲχῆς
915 3784 1053 3927 {agua
1075 3787 1283 3927 ΟἯΒ).
1302 3820 1383 3829 —-
1398 3783 1460 3904 791
1462 3783 1525 3906 (ἔ.
1537 3784 1612 3864 δὲ)
1628 3784 1954 3927 ΡᾹτοῦτοΊὶέ
1977 3785 2383 3926 {5:213thon
2404 3785 2510 3924 ογάρ
2544 3784 2857 3924 ἐσὲἶὸἱω).

400 3905 481 3914 —-
631 3892 886 3929 ε.πστι
1003 3892 1406 3930 .π...-
1515 3889 1627 3928 om.
1720 3902 1860 3927 .—
2023 3889 2060 3925 a
2243 3913 2257 3936 ,
2345 3888 2552 3924 ετνοια
2738 3901 2863 3928 .-

401 3950 452 3988 ⁷⁷
480 3961 562 4011 ita
590 3956 709 4021 PV,
727 3892 924 4031 ἦσυχίὲ
956 3952 1260 4030 CUAO(D).
1277 3948 1424 3994 -73
1445 3951 1726 4032 (ἐν-ψυχή,
1755 3955 1859 4012 lin.
1886 3952 1982 4029 20)
2013 3971 2121 4008 om.
2161 3954 2228 4020 Q,
2256 3890 2439 4007 metlta
2467 3970 2576 4007 om.
2599 3951 2766 4007 CUD.
2784 3983 2864 3992 ——

402 4032 455 4071 ⁷⁹
477 4036 624 4106 ζητεῖ
653 4039 721 4097 V.
745 4070 827 4077 —
854 4032 911 4071 ⁸⁰
938 4035 990 4112 (ἡ
1024 4039 1085 4110 ψ.
1123 4035 1182 4091 ἐκ
1205 4057 1257 4096 τ.
1293 4036 1370 4113 σ.)
1398 4033 1457 4090 ἐκ
1484 4055 1537 4090 τ.
1566 4056 1619 4095 σ.
1649 4036 1680 4104 ἡ
1714 4037 1775 4109 ψ.
1809 4037 1877 4095 Α.
1918 4068 1999 4076 -
2041 4029 2095 4069 3¹
2119 4030 2253 4090 ἄλλο
2295 4037 2430 4090 add.
2462 4035 2531 4090 A.
2566 4065 2648 4073 ——
2670 4027 2724 4066 ⁸²
2745 4051 2856 4090 om.

399 4122 567 4177 AOD.
590 4152 671 4161 ——
690 4115 745 4154 88
769 4118 848 4194 (τὸ
872 4116 947 4195 δὲ)
962 4119 1130 4185 PCU,
1151 4119 1242 4173 καὶ
1270 4115 1428 4173 πάλιν
1449 4119 1513 4174 τὸ
1537 4114 1652 4174 ΔΙ).
1672 4113 1819 4159 -94
1843 4117 1988 4185 ζητεῖ
2008 4119 2079 4174 V.
2099 4149 2180 4158 —-
2203 4112 2259 4152 ⁸⁶
2286 4117 2376 4172 καὶ
2404 4111 2699 4183 ἀπληστίαν
2719 4117 2855 4172 add.

400 4204 518 4262 ΑΟ.
549 4234 631 4243 -
658 4198 714 4237 ⁸⁰
742 4202 851 4278 (καὶ
879 4202 1021 4278 πον.)
1062 4198 1118 4257 δὲ
1146 4221 1270 4258 πον.
1306 4201 1399 4256 καὶ
1425 4202 1494 4257 Α.
1531 4233 1613 4242 -
1641 4195 1695 4235 ⁸⁷
1722 4206 1804 4257 ita
1849 4196 1916 4274 Δ,
1962 4199 2208 4276 ἀκρατεῖς
2240 4201 2305 4258 Ρ.
2348 4231 2429 4239 --
2457 4193 2513 4232 ⁸⁸
2542 4197 2658 4275 (πρ.
2693 4197 2745 4256 θ.
2780 4196 2862 4273 ἆ.)

400 4282 662 4362 UA(OD)‚
696 4304 793 4362 πρ.
829 4285 880 4343 θ.
917 4282 1174 4360 εύάρεστα
1197 4286 1268 4350 V,
1303 4283 1440 4360 πρὸς
1469 4283 1594 4339 θεοῦ
1614 4281 1862 4360 ἀρέσκιαν
1892 4286 1974 4353 Ρ;
2010 4286 2120 4356 cfr.
2145 4276 2398 4341 13.--89
2423 4299 2537 4337 scr.
2575 4278 2628 4335 ἐν
2657 4279 2864 4343 τούτοις

397 4372 527 4436 (om.
552 4388 606 4426 τ.
638 4365 801 4442 ἐπιθ.)
825 4369 847 4424 2
873 4398 954 4407 —-
982 4362 1036 4401 ⁹⁰
1064 4365 1136 4444 (ἐν
1159 4365 1235 4443 τ.)
1257 4368 1430 4433 VAD,
1466 4385 1576 4422 om.
1612 4368 1728 4422 ΡΟ.
1757 4398 1841 4407 -
1870 4362 1924 4401 ⁹¹
1951 4384 2060 4424 om.
2083 4366 2344 4424 AOD.—
2375 4358 2429 4397 99
2448 4369 2532 4419 ita
2555 4359 2669 4439 ΣΔ,
2700 4383 2767 4438 με
2789 4365 2855 4420 Ρ.

480 4562 556 4640 (1)
588 4559 810 4632 ἄσκησις
858 4560 1139 4642 ἂγγελική.
1189 4563 1305 4621 cfr.
1336 4566 1395 4631 8,
1427 4564 1498 4633 7;
1550 4561 1787 4619 Palladii
1822 4564 1931 4634 Ιῆ).
1979 4563 2057 4617 ad
2106 4563 2361 4617 Lausum
2409 4566 2553 4616 extr.
2587 4579 2650 4632 ⁶p.
2707 4560 2862 4617 1009

397 4647 587 4719 Migne
621 4667 636 4706 τ
669 4648 766 4715 τὴν
820 4642 1108 4725 ἀγγελικὴν
1135 4644 1404 4703 πολιτείαν
1435 4639 1750 4714 ἐξήσκησαν.
1782 4677 1864 4687 —-
1894 4643 1971 4720 (2)
2014 4643 2306 4717 μετάνοιαι.
2324 4646 2448 4700 Vita
2476 4644 2759 4713 Nilijun.
2797 4642 2858 4709 3,

403 4731 475 4785 19
520 4749 577 4803 p.
617 4731 692 4786 48
724 4731 769 4786 Β
800 4731 992 4802 Migne
1023 4728 1072 4784 ἐν
1113 4725 1309 4798 πλήθει
1335 4725 1581 4805 δακρύων
1625 4730 1727 4783 καὶ.
1759 4732 2071 4802 μετανοιῶν.
2100 4727 2282 4783 Etiam
2307 4743 2554 4797 genuum
2601 4724 2863 4783 flexiones

394 4813 565 4885 vulgo
585 4813 850 4869 dicuntur
869 4812 1160 4887 μετάνοιαι,
1190 4815 1292 4871 cfr.
1324 4813 1645 4885 Sophocles»,
1685 4812 1873 4868 Greek
1902 4811 2141 4875 lexicon,
2175 4828 2220 4868 s,
2251 4827 2307 4864 v.
