3650 5684
1767 827 2047 894 CAPVT
2088 828 2163 892 11.
2213 903 2224 912 ,
2309 846 2311 850 >

1283 1027 1378 1093 DE
1419 1047 1697 1103 RELIQVIS
1736 1047 1930 1092 LIBRIS
1972 1046 2231 1091 mvsnmt
2271 1045 2641 1090 ARGVMENTI.

815 1220 1081 1288 Praeter
1123 1243 1273 1288 eum
1311 1223 1393 1288 de
1435 1243 1567 1307 quo
1593 1225 1721 1289 huc
1760 1245 1972 1307 usque
2014 1225 2296 1290 diximus
2340 1217 2579 1288 librum
2617 1223 2748 1289 duo
2788 1226 3051 1288 exstant
3089 1221 3199 1285 alii
3269 1209 3276 1214 ⁴

735 1320 970 1402 quibus
1011 1323 1280 1387 eaedem
1322 1342 1426 1387 res
1464 1325 1973 1405 comprehensae
2019 1327 2190 1387 sunt.
2220 1343 2501 1406 quorum
2542 1322 2954 1387 unuseditus
3004 1326 3104 1386 est
3129 1322 3198 1386 in

733 1418 913 1484 Actis
955 1424 1329 1486 sanctorum
1379 1422 1622 1486 mensis
1672 1422 2060 1504 septembris
2079 1423 2134 1500 ⁴¹,
2181 1422 2459 1487 alterum
2501 1416 2621 1486 nos
2649 1421 2822 1486 infra
2856 1420 3200 1502 descripsi-

734 1536 898 1582 mus
927 1524 1266 1601 acceperat
1293 1520 1474 1584 illum
1502 1521 1860 1585 Bollandus
1890 1540 1929 1585 a
1956 1520 2151 1585 Petro
2181 1520 2450 1584 Possino
2481 1522 2623 1585 ciue
2645 1520 3056 1584 Narbonensi
3087 1517 3200 1602 qui

734 1636 883 1681 eum
935 1618 1369 1701 descripserat
1427 1656 1498 1666 -
1559 1619 1733 1701 degit
1785 1620 1960 1684 enim
2016 1620 2293 1684 Tolosae
2345 1621 2513 1684 inter
2554 1638 2760 1683 annos
2816 1638 3202 1691 Mocxxxvmi

734 1718 800 1780 et
846 1737 969 1781 mm
996 1717 1023 1755 ²
1062 1756 1143 1764 —
1184 1739 1220 1783 e
1267 1717 1492 1783 codice
1532 1738 1665 1783 non
1696 1720 1967 1802 antiqua
2011 1719 2275 1801 quidem
2325 1718 2443 1783 sed
2493 1717 2687 1801 plane
2729 1722 2804 1783 ut
2852 1718 2943 1781 ait
2983 1721 3200 1783 trans-

731 1816 984 1881 marina
1031 1837 1232 1882 manu
1282 1821 1549 1882 exarato
1592 1819 1705 1900 qui
1759 1822 1898 1883 erat
1950 1817 2165 1883 Caroli
2217 1818 2298 1883 de
2349 1817 2678 1882 Montchal
2729 1815 3198 1898 archiepiscopi

731 1913 1056 1993 Tolosani,
1087 1917 1200 2000 qui
1228 1917 1400 1982 sedit
1428 1918 1512 1982 ab
1541 1936 1715 1982 anno
1744 1937 2062 1981 MDCXXVHI
2106 1917 2192 1981 ad
2223 1934 2466 1981 annum
2498 1937 2680 1981 uocm
2708 1916 2754 1980 ⁸.
2794 1915 3196 1998 adscriptum

732 2013 930 2080 fuisse
971 2016 1252 2080 Sisinnio
1282 2018 1692 2099 patriarchae
1732 2018 2450 2099 Constantinopolitano
2483 2017 2892 2081 Bollandiani
2921 2016 3196 2081 Possino

725 2117 996 2185 ,auctore
1019 2116 1309 2180 referunt
1326 2115 1373 2180 4.
1416 2116 1678 2187 Sisinnii
1699 2120 1923 2180 autem
1946 2117 2076 2180 duo
2097 2116 2363 2181 fuerunt
2382 2116 2794 2198 patriarchae
2826 2115 3198 2180 Constanti-

608 2224 615 2229 ’
732 2212 1396 2295 nopolitani‚quorum
1418 2235 1621 2279 unum
1652 2214 1897 2278 sedisse
1923 2216 2010 2279 Le
2025 2214 2236 2292 Quien
2259 2215 2450 2279 docet
2471 2214 2558 2279 ab
2588 2234 2761 2278 anno
2786 2233 3089 2278 ccccxxv
3110 2213 3197 2277 ad

615 2326 621 2333 ’
734 2328 1073 2389 ccccxxvii,
1104 2313 1380 2376 alterum
1427 2313 1512 2376 ab
1543 2331 1716 2381 anno
1758 2332 2230 2376 nccccmtxxxw
2259 2313 2343 2376 ad
2372 2332 2909 2379 nccccnxxxxvnn
2934 2313 2978 2374 ⁵.
3020 2312 3196 2376 hunc

733 2408 878 2472 libri
900 2410 1282 2492 scriptorem
1305 2431 1467 2486 esse,
1499 2411 1553 2475 si
1578 2412 1774 2475 modo
1804 2414 1979 2476 recte
2009 2411 2357 2493 inscriptus
2375 2414 2533 2489 erat,
2550 2431 2682 2477 non
2705 2412 2881 2475 illum
2913 2412 3197 2492 priorem

735 2511 802 2572 et
836 2509 1162 2573 scribendi
1215 2529 1416 2591 genus
1455 2510 1748 2575 declarat
1788 2511 1874 2574 ab
1905 2513 2122 2574 aetate
2163 2510 2519 2575 uetustiore
2542 2511 2827 2575 alienum
2882 2515 2947 2574 et
2977 2509 3198 2574 fabula

731 2606 873 2688 ipsa
902 2609 1164 2673 saeculo
1208 2609 1433 2692 quinto
1474 2613 1648 2674 certe
1677 2630 1809 2673 non
1828 2610 2156 2692 antiquior
2186 2609 2233 2674 θ.
2272 2609 2680 2675 Bollandiani
2716 2610 2741 2647 ⁷
2771 2610 2970 2674 alium
2995 2609 3198 2673 Sisin-

733 2706 914 2770 nium
937 2711 1051 2772 aut
1073 2708 1636 2790 Hierapolitanum
1659 2713 1774 2772 aut
1803 2708 2245 2779 Laodicenum
2269 2709 2666 2790 episcopum,
2697 2700 2817 2791 qui'
2841 2709 3036 2773 ambo
3063 2708 3199 2773 fue-

734 2808 887 2869 runt
914 2805 1082 2870 inter
1109 2808 1439 2871 saeculum
1467 2807 1814 2889 septimum
1841 2810 1902 2870 et
1926 2826 2171 2871 nonum
2195 2808 2239 2886 ⁸,
2272 2807 2416 2870 libri
2437 2809 2521 2871 ab
2546 2807 2702 2889 ipsis
2747 2808 2900 2871 editi
2924 2808 3197 2889 scripto-

734 2923 871 2968 rem
915 2925 1059 2969 esse
1107 2907 1455 2970 uoluerunt
1494 2897 1859 2988 perperam.
1893 2926 2007 2971 cur
2037 2911 2207 2970 enim
2265 2907 2474 2971 eidem
2521 2906 2723 2971 codici
2753 2906 3197 2988 patriarcham

733 3001 913 3066 illum
926 3004 1124 3068 fuisse
1140 3005 1927 3087 Constantinopolitanum
1950 3024 2081 3069 non
2105 3004 2819 3081 credamu3‚credamus
2843 3005 3199 3069 Sisinnium

733 3102 1132 3167 uocitatum?
1161 3103 1729 3186 Hierapolitanum
1758 3109 2000 3169 autem.
2024 3104 2552 3169 Laodicenumue
2574 3124 2725 3168 eum
2745 3104 2944 3170 fuisse
2975 3104 3085 3186 qui
3114 3123 3199 3167 ne

734 3218 865 3263 uno
895 3201 1158 3282 quidem
1188 3203 1390 3266 uerbo
1423 3203 1635 3266 locum
1665 3202 1848 3266 illum
1878 3201 1944 3265 in
1975 3221 2105 3284 quo
2134 3201 2408 3266 Michael
2436 3201 3202 3288 archangelusapparuit
3251 3281 3255 3285 ⁸

735 3317 1051 3381 umquam
1082 3320 1121 3364 a
1144 3321 1213 3365 se
1234 3302 1449 3366 uisum
1471 3321 1613 3366 esse
1637 3301 1951 3382 significet
1972 3320 2103 3364 non
2128 3300 2337 3364 solum
2360 3301 2535 3365 nulla
2552 3321 2749 3366 causa
2766 3307 2865 3365 est
2886 3305 2958 3365 ut
2992 3300 3198 3364 inuito

733 3398 926 3462 unico
956 3403 1221 3464 auctore
1263 3401 1625 3476 credamus,
1657 3400 1774 3464 sed
1797 3400 2052 3468 etiamsi
2082 3399 2393 3464 traditum
2413 3404 2584 3464 esset
2603 3404 2827 3464 nostro
2848 3400 2988 3463 iure
3011 3399 3201 3464 dubi-

734 3498 1210 3563 taremuS.nam
1237 3499 1395 3563 illud
1423 3500 1534 3563 uix
1566 3499 1927 3580 exceperim
1960 3498 2135 3580 quod
2165 3499 2231 3562 in
2260 3500 2479 3563 uerbis
2505 3500 2541 3582 ξ
2567 3500 2603 3563 7
2637 3519 2806 3582 quae
2839 3501 2993 3562 sunt
3020 3503 3084 3557 τὸ
3117 3500 3197 3557 ἐπ’

737 3599 956 3674 ὀνόματι
978 3608 1072 3657 τοῦ
1096 3602 1526 3681 ἀρχιστρατήγου
1549 3600 1773 3680 Μιχαὴλ
1802 3600 1987 3657 αὐτόθι
2012 3600 2287 3678 εὖκτήριον
2310 3600 2628 3680 περικαλλὲς
2653 3599 3008 3662 oratorium
3025 3598 3196 3662 Cho-

734 3712 937 3760 nense
965 3699 1030 3760 et
1051 3696 1172 3760 sibi
1203 3701 1269 3761 et
1294 3697 1655 3780 legentibus
1685 3700 1917 3760 notum
1939 3696 2139 3760 fuisse
2162 3697 2429 3762 articulo
2454 3699 2824 3779 praeposito
2854 3697 3195 3774 indicauit;

737 3798 878 3860 erat
934 3796 1107 3860 enim
1153 3797 1646 3862 celeberrimum
1695 3800 1758 3861 et
1814 3795 2188 3860 hominibus
2241 3796 2976 3878 Constantinopolitanis
3019 3796 3198 3862 haud

735 3894 1027 3977 ignotum
1057 3896 1100 3959 ⁹.
1123 3887 1245 3961 hoc
1275 3897 1481 3960 adicio
1511 3897 1750 3977 scripta
1779 3895 2022 3959 Sisinni
2052 3915 2221 3977 quae
2250 3898 2571 3959 memorat
2587 3896 2860 3960 Ioannes
2888 3896 3197 3960 Albertus

737 3994 1069 4059 Fabricius
1102 3995 1152 4032 ¹⁰
1179 4014 1310 4059 non
1350 4015 1491 4059 esse
1531 3994 1852 4059 eiusmodi
1883 3998 1956 4059 ut
1986 4014 2210 4058 eorum
2262 3995 2664 4076 comparatio
2695 3995 2780 4059 ad
2814 3996 2984 4059 hanc
3017 3995 3198 4059 litem

739 4093 1170 4158 dirimendam
1202 4094 1550 4176 quicquam
1581 4093 1795 4157 auxilii
1827 4093 2100 4158 adferat.

824 4294 845 4331 ¹
868 4300 934 4354 T.
970 4299 1099 4354 VIII
1127 4318 1184 4370 p.
1216 4299 1287 4354 41
1324 4317 1399 4353 SS.
1437 4329 1517 4338 —
1547 4292 1573 4329 ²³
1596 4297 1680 4352 Cf.
1715 4298 1952 4362 Moreri,
1988 4296 2804 4369 Dictionnaire,supplement,
2838 4303 2882 4352 t.
2902 4298 2955 4353 Π
2985 4317 3041 4369 p.
3081 4298 3194 4353 109

736 4382 824 4436 ed.
853 4381 1034 4436 Paris.
1077 4382 1252 4438 1735.
1281 4413 1362 4421 -—
1389 4376 1417 4414 ⁸
1444 4381 1670 4436 Galliae
1691 4380 2034 4435 christianae
2062 4386 2104 4434 t.
2141 4381 2275 4435 XIII
2304 4399 2360 4451 p.
2397 4381 2498 4435 61.
2527 4411 2608 4419 -—
2635 4374 2665 4412 4
2693 4382 2759 4434 T.
2795 4381 2925 4435 VIII
2953 4399 3009 4452 p.
3049 4381 3123 4435 40
3143 4380 3193 4434 B

735 4469 772 4531 ἓ
803 4464 938 4519 193.
973 4495 1054 4504 —
1084 4460 1110 4497 5
1143 4467 1386 4518 Orientis
1415 4464 1713 4517 christiani
1755 4469 1797 4516 t.
1833 4464 1860 4517 I
1901 4481 1957 4533 p.
1998 4463 2115 4517 215
2147 4469 2201 4516 et
2232 4463 2372 4517 257.
2424 4463 2629 4517 Sisinni
2671 4464 2889 4517 litterae
2933 4464 3199 4532 leguntur

737 4564 879 4600 anno
907 4563 1364 4602 Dccchxxxxvn
1390 4547 1548 4600 datae
1570 4545 1627 4598 in
1659 4546 1883 4603 Patrol.
1912 4562 2009 4614 qr.
2060 4546 2146 4599 ed.
2182 4545 2373 4614 Migne
2414 4551 2458 4600 t.
2509 4546 2692 4600 CXIX
2735 4564 2790 4617 p.
2841 4546 2960 4600 728
3005 4564 3079 4600 SS.
3118 4575 3200 4584 —-—

735 4621 762 4659 ⁶
792 4628 876 4684 Cf.
913 4629 1079 4683 etiam
1117 4630 1242 4683 AA.
1277 4630 1371 4683 SS.
1407 4633 1547 4699 sept.
1582 4635 1625 4683 t.
1660 4627 1790 4682 VIII
1818 4645 1875 4698 p.
1915 4628 2057 4682 4OF
2087 4632 2123 4693 ἓ
2158 4627 2294 4682 198.
2344 4659 2425 4667 -
2456 4621 2480 4659 ⁷
2524 4629 2590 4682 P.
2645 4628 2715 4682 41
2753 4629 2803 4683 A
2844 4633 2880 4694 ἓ
2930 4628 3066 4682 198.
3119 4658 3198 4668 -

735 4704 763 4742 ⁸
792 4710 877 4766 Cf.
906 4713 983 4766 Le
1012 4712 1212 4777 Quian,
1245 4712 1342 4765 Or.
1379 4711 1571 4768 christ.
1601 4717 1645 4765 t.
1679 4711 1706 4764 I
1735 4728 1791 4785 p.
1822 4709 1941 4764 835
1969 4729 1984 4776 ς
2019 4709 2138 4764 793
2169 4733 2183 4774 3
2218 4710 2357 4775 796.
2388 4741 2469 4749 —
2499 4705 2526 4741 ⁹
2548 4709 2633 4765 Cf.
2676 4711 2822 4764 infra
2843 4728 2966 4781 cap.
3000 4727 3077 4765 vl.
3116 4740 3197 4750 —

739 4787 792 4826 ¹⁰
816 4794 1084 4849 Biblioth.
1114 4811 1209 4863 qr.
1233 4795 1321 4848 ed.
1352 4793 1546 4847 Harles
1575 4799 1617 4847 t.
1652 4792 1735 4847 XI
1765 4811 1819 4863 p.
1858 4792 2016 4859 7123
2049 4797 2092 4846 t.
2121 4791 2231 4846 XII
2259 4811 2316 4864 p.
2345 4792 2501 4861 6343
2535 4799 2578 4848 t.
2607 4794 2663 4848 X
2691 4812 2749 4865 p.
2780 4793 2921 4848 696.
