3650 5684
1668 984 1845 1050 Libri
1875 985 2120 1050 ordinis
2147 986 2194 1045 Γ

992 1171 1036 1226 Ρ
1075 1171 1249 1227 Paris·
1269 1188 1349 1242 gr.
1375 1171 1506 1226 1468
1526 1187 1670 1226 saec.
1692 1171 1768 1226 XI
1793 1172 1831 1226 f.
1848 1172 1948 1226 232

946 1264 965 1362 k
992 1253 1040 1323 Q
1078 1254 1249 1310 Paris,
1271 1271 1349 1326 gr.
1372 1255 1470 1309 769
1485 1271 1628 1310 saec.
1647 1254 1773 1309 XIII
1796 1255 1834 1309 f.
1858 1255 1924 1310 97

868 1372 913 1430 Σ
993 1339 1036 1395 C
1083 1337 1305 1394 Coislin.
1331 1339 1430 1393 105
1450 1355 1592 1393 saec.
1613 1338 1715 1392 XII
1739 1339 1775 1393 f.
1798 1339 1900 1394 289
2195 1378 2206 1391 .

989 1421 1060 1475 W
1081 1418 1316 1475 Vindob.
1332 1437 1409 1490 gr.
1434 1420 1604 1476 theol.
1627 1420 1725 1476 123
1746 1437 1889 1476 saec.
1908 1421 2062 1476 XIIII
2084 1422 2121 1477 f.
2148 1423 2244 1477 128

994 1503 1039 1558 [J
1077 1502 1312 1557 vindob.
1331 1519 1408 1573 gr.
1426 1503 1556 1558 hist.
1574 1505 1636 1557 61
1658 1520 1799 1559 saec.
1817 1504 1969 1559 XIIII
1995 1505 2031 1560 f.
2056 1509 2082 1559 1
2151 1516 2164 1527 '

1770 1728 2016 1793 ordinis
2058 1730 2104 1789 Δ

991 1910 1038 1963 V
1077 1910 1248 1965 Vatio.
1265 1928 1342 1981 gr.
1364 1912 1465 1966 807
1489 1928 1631 1966 saec.
1649 1911 1724 1966 XI
1747 1912 1786 1965 f.
1808 1913 1873 1966 73

991 1994 1039 2046 Α
1078 1993 1320 2063 Angelic.
1343 1994 1389 2048 B
1413 1995 1461 2049 2.
1485 1995 1519 2048 2
1542 2010 1681 2049 saec.
1707 1995 1779 2048 XI
1803 1995 1841 2049 f.
1864 1995 1931 2048 52

991 2075 1037 2129 Ο
1077 2075 1337 2131 Ottobon.
1364 2078 1390 2131 1
1417 2093 1558 2131 saec.
1583 2076 1631 2130 X
1649 2082 1745 2132 aut
1767 2077 1842 2132 XI
1861 2078 1898 2131 f.
1921 2079 1982 2132 41
2010 2093 2185 2147 usque
2206 2079 2276 2133 ad
2301 2095 2353 2148 p.
2375 2080 2453 2146 15,
2479 2082 2513 2134 4

1505 2322 1586 2368 ex
1613 2306 1895 2386 utroque
1924 2303 2153 2368 ordine
2181 2302 2371 2369 mixti

991 2492 1038 2545 D
1086 2492 1304 2547 Coislin.
1332 2494 1424 2548 121
1445 2510 1586 2550 saec.
1611 2494 1737 2548 XIII
1755 2496 1791 2548 f.
1820 2496 1883 2548 18

993 2574 1039 2628 Ο
1070 2574 1211 2651 ‘inde
1229 2592 1264 2629 a
1286 2592 1338 2645 p.
1364 2577 1443 2642 15,
1465 2578 1500 2630 4

1846 2793 2020 2803 ———-.

699 3033 990 3090 Librorum
1013 3037 1154 3091 PVA
1170 3037 1441 3106 scriptura
1464 3038 1692 3108 Integra,
1716 3039 2026 3107 QCWUOD
2049 3041 2143 3095 ubi
2162 3057 2230 3095 ex
2251 3041 2333 3095 eis
2350 3042 2575 3111 aliquod
2597 3042 2864 3098 auxilium
2881 3042 2993 3111 peti
3015 3046 3165 3111 pote·

829 3122 916 3172 rat
937 3120 1189 3189 apposita
1209 3124 1308 3176 est.

697 3192 740 3248 Σ
763 3198 1033 3269 significat
1053 3203 1226 3257 libros
1236 3201 1460 3270 QCWU
1486 3207 1586 3256 aut
1609 3218 1801 3257 omnes
1827 3209 1924 3261 aut
1943 3205 2210 3260 maiorem
2236 3221 2428 3260 eorum
2454 3210 2684 3276 partem.

699 3274 778 3353 (Σ)
804 3286 859 3336 et
881 3280 1065 3348 (ch
1087 3283 1212 3350 cet.)
1249 3282 1518 3353 significat
1569 3275 1615 3334 Σ
1664 3286 1719 3336 et
1764 3281 1928 3350 ch
1973 3289 2075 3339 cet.
2121 3301 2248 3340 cum
2294 3284 2479 3355 aliqua
2521 3284 2783 3356 peculiari
2824 3285 3164 3358 singulorum

829 3363 1207 3433 discrepantia.
2253 3404 2257 3407 -
2376 3402 2379 3405 ,

697 3462 746 3511 a,
769 3462 820 3515 q,
842 3450 944 3500 cet.
969 3450 1052 3501 est
1074 3445 1132 3500 in
1152 3446 1308 3501 libris
1331 3446 1395 3512 A,
1420 3447 1483 3515 Q,
1508 3452 1610 3503 cet.
1634 3464 1834 3502 manus
1858 3448 2046 3503 altera.

699 3530 782 3582 Mt
804 3532 887 3582 est
908 3527 1311 3598 Metaphrastae
1333 3529 1595 3584 narratio,
2246 3585 2250 3589 .

695 3610 921 3665 Numeri
955 3610 1265 3667 indicantur
1299 3612 1624 3681 paginarum
1663 3617 1718 3667 et
1739 3629 2021 3669 uersuum.
2047 3616 2105 3669 in
2140 3615 2258 3685 ipsa
2279 3615 2477 3686 pagina
2501 3631 2695 3671 uersus
2717 3615 2821 3671 soli
2842 3615 3175 3671 indicantur.

696 3695 1099 3761 Disputationis
1147 3695 1172 3747 I
1213 3695 1262 3748 II
1300 3696 1379 3749 111
1422 3700 1522 3750 cet.
1565 3696 1743 3764 capita
1783 3696 2053 3765 significat
2099 3697 2484 3768 disputationis
2533 3714 2698 3767 supra
2735 3698 3016 3754 institutae
3049 3715 3083 3754 a
3116 3715 3173 3767 p.

828 3792 865 3829 v
881 3775 950 3829 ad
972 3792 1093 3831 ην.
