3650 5684
1186 484 1274 536 DE
1325 485 1537 538 LIBRO
1586 486 1634 537 A
1682 486 1889 539 NOBIS
1938 485 2147 540 EDITO
2793 490 2893 544 vn

428 672 776 739 historicus
804 675 1143 756 proposuit
1167 694 1360 752 nunc,
1386 695 1533 740 cum
1563 676 1649 741 ad
1677 676 1891 758 ipsam
1920 696 2059 749 rem
2087 676 2473 759 primariam
2499 682 2891 760 peruentum

430 776 549 864 est,
570 793 657 839 ne
688 773 976 839 breuiter
1018 773 1285 857 quidem
1326 775 1606 840 uoluerit
1649 778 1763 840 aut
1809 777 2095 857 potuerit
2142 776 2433 858 legentes
2485 777 2567 841 de
2597 777 2689 842 eis
2719 767 2890 861 quae

427 872 715 941 maxime
764 876 830 938 et
855 873 978 957 ip‘si
1022 877 1088 938 et
1114 874 1237 938 illis
1267 874 1445 938 cordi
1475 894 1619 938 esse
1664 874 2000 939 debebant
2028 875 2337 939 certiores
2388 875 2622 954 facere,
2652 877 2891 943 scilicet

429 973 728 1038 euenisse
784 990 869 1041 ea
906 993 1077 1059 quae
1122 974 1398 1039 Michael
1447 974 1585 1039 fieri
1638 974 1955 1051 iussisset,
1983 974 2217 1040 fluuios
2274 975 2343 1039 in
2392 977 2709 1058 gurgitem
2751 966 2889 1044 51116

426 1071 910 1139 infundibulum
932 1073 1095 1139 illud
1121 1093 1315 1141 suum
1344 1073 1758 1139 descendisse
1799 1093 2013 1157 neque
2042 1093 2359 1156 umquam
2391 1078 2622 1156 postea
2649 1077 2889 1142 redun-

430 1168 643 1247 dasse,
659 1172 831 1236 οὕτως
854 1173 1170 1249 πορεύεσθαι
1191 1171 1297 1265 ἕως
1314 1183 1413 1244 τῆς
1439 1173 1643 1254 ἡμέρας
1665 1174 1880 1248 ταύτης,
1904 1174 1978 1235 ut
2005 1171 2207 1253 ipsius
2237 1173 2443 1237 uerba
2460 1173 2886 1256 (10,4)adpo-

425 1282 603 1347 nam,
632 1269 1048 1361 aduersarios
1090 1273 1313 1338 autem
1363 1269 1564 1337 etiam
1604 1289 1777 1337 nunc
1825 1271 2056 1351 procul
2106 1274 2354 1335 stantes
2399 1272 2573 1336 cerni
2616 1272 2683 1337 in
2727 1293 2888 1341 saxa

429 1387 777 1433 conuersos
806 1369 846 1446 ¹,
887 1368 1270 1433 Michaelem
1318 1368 1606 1450 perfecto
1654 1388 1851 1453 opere
1895 1369 1978 1433 in·
2005 1370 2220 1433 caelos
2265 1371 2572 1449 euasisse,
2610 1371 2887 1455 Archip-

424 1486 585 1549 pum
615 1467 721 1531 dei
752 1471 818 1532 et
845 1467 1213 1550 archangeli
1247 1469 1513 1532 nurnine
1556 1471 2015 1535 conseruatum
2045 1469 2294 1534 redisse
2325 1469 2390 1533 in
2420 1470 2774 1534 oratorium
2804 1508 2885 1520 —

324 1640 327 1643 A
423 1565 547 1630 nisi
579 1567 742 1630 forte
785 1567 1144 1631 maximum
1175 1566 1333 1631 illud
1363 1570 1430 1631 et
1477 1557 2074 1649 praeclarissimum
2122 1559 2443 1649 templum
2473 1569 2650 1651 quod
2700 1570 2887 1635 multi

426 1665 773 1747 scriptores
798 1666 1100 1730 laudibus
1123 1665 1397 1730 efferunt
1427 1669 1568 1730 tum
1610 1666 1875 1730 oratorii
1918 1667 2059 1732 loco
2091 1667 2509 1732 aedificatum
2561 1688 2704 1733 esse
2732 1688 2886 1733 nar-

423 1765 597 1829 rauit
626 1802 706 1811 —
737 1765 956 1848 ibique
993 1767 1221 1847 postea
1264 1765 1521 1830 saluum
1565 1769 1631 1829 et
1680 1766 2072 1830 incolumem
2101 1786 2311 1849 usque
2341 1767 2428 1832 ad
2478 1766 2653 1832 diem
2694 1788 2886 1833 suum

425 1883 807 1946 supremum
839 1865 1111 1945 degisse,
1137 1864 1419 1946 denique
1449 1883 1680 1946 aegros
1710 1868 1776 1928 et
1805 1865 2101 1946 captiuos
2133 1869 2195 1930 et
2240 1885 2434 1930 omne
2463 1864 2667 1948 genus
2689 1869 2884 1933 mise-

422 1980 532 2024 ros
576 1964 643 2025 et
691 1981 1116 2026 aerumnosos
1175 1958 1477 2026 adiuuari
1515 1962 1604 2025 ibi
1663 1961 1750 2025 ad
1801 1960 1977 2026 hunc
2025 1963 2196 2026 diem
2244 1966 2309 2028 et
2364 1963 2555 2028 malis
2585 1965 2884 2031 omnibus

422 2059 702 2125 liberari.
727 2061 892 2125 haec
919 2081 1049 2124 non
1080 2060 1371 2142 potuisse
1397 2080 1528 2125 non
1562 2061 1725 2124 adici
1772 2065 2119 2125 senserunt
2149 2066 2215 2126 et
2245 2061 2357 2144 qui
2404 2063 2660 2145 scripsit
2686 2064 2884 2130 libro-

421 2179 571 2224 rum
601 2159 827 2247 CQUD
859 2161 1284 2243 archetypum
1315 2164 1378 2224 et
1407 2160 1726 2224 Sisinnius
1751 2163 1815 2224 et
1845 2160 2311 2242 Metaphrasta,
2342 2162 2423 2226 de
2453 2163 2688 2245 quibus
2729 2184 2882 2229 mox

423 2259 692 2338 dicetur,
726 2261 838 2347 qui
867 2279 1095 2323 omnes
1146 2260 1525 2323 adiecerunt
1572 2259 1919 2324 nonnullos
1962 2259 2031 2323 in
2062 2279 2209 2324 eam
2238 2264 2636 2326 sententiam
2677 2263 2882 2327 uersi-

423 2358 620 2422 culos.
646 2359 868 2440 itaque
897 2357 1340 2438 mihi.quidem
1362 2377 1494 2421 non
1536 2357 2041 2438 persuadebitur
2070 2358 2285 2440 ipsum
2333 2360 2715 2441 scriptorem
2743 2364 2880 2425 tam

418 2460 840 2539 praepostere
860 2458 1066 2539 egisse
1088 2459 1161 2520 ut
1175 2457 1394 2520 omnia
1415 2456 1526 2520 illa
1551 2456 1899 2535 omitteret,
1916 2456 2526 2540 ipsumMichaelem
2548 2460 2754 2524 uerba
2774 2460 2882 2527 illa

418 2556 759 2621 sollemnia
786 2556 1317 2638 pronuntiantem
1346 2555 1590 2620 faceret
1617 2556 1702 2614 διὰ
1730 2557 1906 2627 Ἰησοῦ
1952 2558 2188 2637 Χριστοῦ
2219 2561 2265 2633 ᾧ
2304 2562 2336 2628 ἡ
2370 2554 2496 2624 δόξα
2524 2558 2645 2619 κτλ.
2679 2559 2880 2624 11111110

418 2675 569 2720 611111
590 2656 658 2719 111
685 2656 891 2720 uerbo
923 2655 1099 2737 quod
1130 2658 1228 2718 est
1256 2658 1616 2732 ἡτοιμάσθητε
1639 2656 1752 2718 aut
1781 2655 1849 2718 in
1879 2655 2159 2721 διαπαντὸς
2183 2656 2460 2738 scriptor
2487 2657 2883 2723 substitisset

414 2759 531 2820 aut
574 2774 743 2836 quae
794 2754 945 2818 olim
991 2755 1434 2836 sequebantur
1475 2754 1816 2836 perissent,
1846 2753 2147 2819 librarius
2200 2755 2431 2836 aliquis
2465 2756 2638 2820 hunc
2680 2757 2879 2821 finem

412 2854 583 2918 libro
608 2853 836 2918 mutilo
860 2854 1167 2935 imposuit
1191 2876 1205 2917 ε
1230 2858 1276 2931 ᾧ
1301 2858 1334 2926 ἡ
1365 2851 1568 2921 δόξα...
1597 2857 1739 2930 ἁμήν
1767 2853 1895 2931 (13,
1923 2844 2046 2937 14).
2073 2859 2268 2936 atque
2299 2858 2371 2918 ut
2404 2874 2550 2919 cum
2577 2855 2721 2919 libri
2748 2856 2877 2921 fine

415 2954 611 3019 etiam
636 2953 889 3017 initium
913 2953 1398 3034 coniungamuS,
1430 2941 1485 3016 si
1512 2952 1656 3035 quis
1676 2953 1801 3016 hoc
1823 2972 2084 3034 quoque
2109 2954 2352 3034 perisse
2381 2958 2494 3018 aut
2513 2973 2877 3037 numquam

410 3053 625 3131 fuisse,
667 3053 736 3116 id
779 3052 956 3135 quod
984 3052 1366 3116 Theodorus
1417 3051 1599 3115 Zahn
1641 3052 1948 3133 opinatus
2000 3072 2144 3125 6556
2175 3052 2434 3117 uidetur
2463 3053 2505 3132 ²,
2542 3054 2871 3135 probabit,

296 3138 297 3143 ἵ
414 3152 717 3235 equidem
740 3152 1018 3239 libenter
1044 3152 1359 3233 plaudam
1386 3151 1701 3215 librorum
1737 3170 1942 3215 manu
1970 3151 2360 3232 scriptorum
2403 3152 2876 3234 interpunctio-

411 3270 564 3316 nem
588 3250 973 3338 ⁴defendenti
1003 3253 1068 3314 et
1096 3251 1457 3315 deformem
1486 3250 1662 3314 illam
1692 3250 2044 3332 primorem
2075 3251 2470 3316 sententiam
2513 3253 2875 3332 remouenti

411 3355 446 3422 ἡ
472 3353 694 3432 ἀρχὴ.;.
731 3347 782 3417 ἐξ
815 3348 991 3431 ἀρχῆς
1017 3352 1314 3431 ἐκηρύχθη.
1345 3350 1484 3431 ipse
1513 3369 1658 3413 eam
1688 3368 1984 3413 resecare
2014 3368 2146 3412 non
2172 3369 2317 3413 sum
2349 3369 2547 3414 6115115
2571 3351 2725 3432 quia
2751 3372 2871 3417 1166

409 3450 594 3513 uerbi
645 3448 822 3532 quod
868 3452 968 3512 est
1020 3450 1293 3530 ἐκηρύχθη
1339 3449 1516 3531 quod
1565 3448 1793 3512 fuisset
1835 3448 2198 3512 subiectum
2229 3449 2605 3513 diuinabam
2655 3470 2869 3532 neque

408 3558 569 3611 uero
592 3546 1047 3628 intellegebam
1077 3547 1506 3628 quamobrem
1534 3545 1645 3627 qui
1673 3545 1922 3626 primus
1950 3544 2187 3608 librum
2220 3547 2487 3627 ἀκέφαλον
2514 3546 2869 3612 inuenisset

411 3631 649 3729 duplici
684 3666 836 3711 eum
879 3644 1297 3727 inscriptione
1326 3644 1805 3726 locupletasset,
1835 3664 1969 3708 non
2019 3647 2189 3708 esset
2225 3643 2619 3709 sententiam
2661 3645 2869 3710 mani-

408 3746 578 3810 festo
600 3745 898 3809 mutilam
927 3744 1196 3808 reficere
1226 3748 1517 3809 conatus
2222 3831 2225 3835 ¹

412 3868 417 3872 ⁴
492 3844 710 3927 Genus
740 3844 1000 3908 dicendi
1025 3844 1155 3908 tale
1187 3846 1286 3907 est
1314 3844 1449 3907 fere
1472 3843 1665 3925 quale
1687 3844 1771 3907 ab
1803 3843 2121 3907 eiusmodi
2143 3846 2483 3907 narratore
2512 3847 2865 3925 exspecteS,

406 3943 570 4007 rude
601 3946 666 4007 et
688 3941 1076 4023 impolitum,
1107 3941 1303 4005 modo
1348 3940 1571 4004 tritum
1614 3943 1679 4025 et
1707 3941 1974 4021 uolgare
2002 3940 2202 4004 modo
2233 3941 2635 4018 arcessitum,
2667 3943 2862 4007 modo

405 4042 652 4106 humile
683 4045 751 4106 et
780 4041 1107 4105 abiectum
1150 4040 1348 4103 modo
1377 4039 1648 4121 poeticis
1689 4039 1908 4103 uerbis
1931 4040 2310 4117 infucatum,
2356 4040 2678 4103 nonnullis
2707 4040 2862 4106 locis

403 4139 601 4204 etiam
628 4139 960 4204 soloecum
991 4144 1105 4203 aut
1131 4139 1505 4203 barbarum.
1529 4158 1649 4202 nec
1670 4141 1896 4202 tamen
1924 4138 1992 4202 in
2020 4141 2118 4201 tot
2148 4141 2211 4201 et
2240 4138 2439 4202 tantis
2484 4139 2658 4202 uitiis
2689 4144 2867 4205 caret

402 4237 624 4320 lepore
679 4239 966 4320 quodam
1015 4238 1240 4302 natiuo
1290 4257 1410 4302 nec
1452 4237 1566 4302 ubi
1616 4256 1781 4318 opus
1812 4240 1912 4301 est
1959 4237 2208 4302 uiribus
2259 4240 2322 4300 et
2352 4237 2591 4315 neruiS,
2623 4238 2739 4301 sed
2780 4259 2865 4305 116

403 4337 804 4420 proprietate
828 4337 1096 4420 quidem
1126 4337 1303 4401 omni
1332 4338 1687 4401 uerborum
1717 4341 1916 4418 atque
1946 4330 2266 4418 elegantia
2297 4335 2607 4400 deficitur.
2641 4338 2865 4421 collegi

402 4435 471 4499 in
493 4433 706 4498 indice
730 4453 1183 4516 quaecumque
1213 4433 1528 4498 notabilia
1554 4433 1698 4497 11156
1723 4437 1894 4497 sunt.
1937 4433 2042 4498 hic
2069 4434 2229 4497 libet
2260 4452 2471 4514 pauca
2498 4434 2862 4515 praelibare

406 4636 413 4645 v
491 4669 514 4705 ¹
543 4675 607 4728 In
637 4675 824 4728 codice
854 4675 1040 4729 Ottob.
1083 4674 1109 4728 1
1145 4679 1269 4746 post
1298 4668 1788 4738 ἆπολιθωθήτωσαν
1838 4672 1934 4737 19,
1990 4672 2016 4726 1
2050 4673 2188 4727 11666
2228 4674 2492 4742 leguntur
2539 4697 2551 4725 ε
2601 4669 2731 4745 ὅπερ
2775 4671 2866 4725 καὶ

398 4753 671 4831 γεγόνασιν
715 4757 805 4811 καὶ
851 4755 1086 4810 ἵστανται
1108 4752 1291 4810 στύλοι
1322 4753 1484 4832 μέχρι
1511 4761 1606 4821 τῆς
1637 4754 1889 4829 σήμερον.
1920 4786 2001 4795 —
2025 4749 2050 4786 2
2081 4754 2166 4809 Cf.
2211 4756 2353 4808 Acta
2381 4756 2636 4820 Ioannis,
2673 4755 2869 4807 Erlan-

400 4842 504 4908 gae
539 4839 717 4905 1880,
752 4858 810 4912 p.
846 4856 1005 4894 Lxxx
1033 4840 1133 4893 der
1161 4840 1364 4909 anfang
1385 4841 1486 4893 der
1512 4837 1829 4908 geschichte
1851 4837 1923 4891 ist
1944 4837 2283 4907 abgerissen.
