3650 5684
771 455 948 514 Xxvl
1831 463 2066 515 CAPV'r
2114 464 2165 515 V

764 665 900 735 quo
920 653 1186 718 uiolenti
1213 654 1535 718 torrentes
1559 653 2029 736 exciperentur,
2044 655 2184 719 siue
2203 654 2312 720 ille
2335 654 2487 720 inde
2515 656 2601 720 ab
2632 655 2878 737 origine
2894 673 3117 720 rerum
3133 653 3238 718 ihi

768 752 890 817 fuit
915 753 1056 817 siue
1085 755 1237 835 post
1262 752 1618 825 ,hominum
1646 754 2032 819 memoriam
2075 756 2290 820 terrae
2319 756 2504 819 motu
2533 755 2801 820 effectus
2833 758 2950 831 est,
2980 754 3238 836 patroni

768 852 869 915 sui
913 851 1289 916 caelestium
1330 856 1696 917 turmarum
1724 852 2034 934 praefecti
2065 872 2216 918 eum
2253 853 2323 917 ui
2350 873 2427 918 ac
2466 855 2711 918 uirtute
2742 853 3011 918 discissa
3049 873 3239 936 prae-

646 999 650 1002 <
770 948 904 1015 alta
950 970 1113 1035 rupe
1160 950 1228 1014 in
1275 955 1490 1016 terrae
1537 952 1748 1016 solum
1792 952 2150 1016 demissum
2197 956 2261 1017 et
2302 954 2695 1037 impressum
2739 972 2884 1018 esse
2913 952 3238 1017 arbitrari.

767 1067 926 1113 nam
953 1049 1019 1113 id
1049 1049 1317 1132 quidem
1348 1051 1505 1132 quin
1534 1049 1656 1114 sibi
1686 1050 1923 1115 animis
1953 1050 2272 1132 fingerent
2300 1051 2438 1116 fieri
2462 1052 2575 1117 uix
2599 1055 2877 1135 poterat.
2907 1072 3063 1117 nam
3092 1051 3238 1117 ubi-

768 1160 1049 1231 cumque
1093 1153 1416 1213 terrarum
1458 1149 1582 1213 loci
1612 1149 1881 1215 alicuius
1911 1153 2150 1215 natura
2174 1151 2508 1217 inuisitata
2543 1152 2919 1217 hominibus
2962 1151 3237 1217 rudibus

769 1250 834 1311 et
876 1248 1190 1330 imperitis
1232 1247 1732 1312 admirationem
1774 1253 2019 1327 mouet,
2063 1249 2152 1313 ibi
2195 1250 2495 1315 uidemus
2539 1253 2655 1316 aut
2704 1251 2974 1315 deorum
3017 1250 3085 1314 id
3122 1253 3236 1314 aut

768 1348 1166 1424 sanctorum,
1191 1345 1545 1429 aliquando
1575 1346 1818 1412 diaboli
1849 1366 2089 1429 operae
2117 1347 2331 1412 tribui.
2361 1348 2478 1414 sed
2512 1349 2766 1432 reliqua
2808 1349 3028 1413 omnia
3069 1367 3236 1431 nego

766 1444 1189 1527 popularibus
1219 1445 1458 1509 fabulis
1502 1445 1744 1511 tradita
1785 1450 1852 1511 et
1878 1447 2069 1526 uolgo
2111 1450 2376 1529 recepta
2406 1467 2548 1512 esse
2587 1451 2944 1530 antequam
2975 1447 3231 1530 scriptis

766 1542 1080 1626 mandata
1109 1544 1258 1608 sint.
1287 1564 1526 1627 nempe
1555 1547 1767 1609 totum
1791 1544 1861 1609 id
1892 1544 2262 1611 fabularum
2293 1566 2515 1628 genuS,
2546 1548 2729 1613 cuius
2750 1548 2914 1613 haec
2941 1546 3230 1612 narratio

732 1676 737 1685 ,
766 1641 1094 1723 specimen
1123 1645 1222 1707 est
1250 1643 1850 1721 luculentissimum,
1882 1643 2060 1728 quod
2090 1645 2442 1724 αἰτιολογικὸν
2462 1646 2530 1711 id
2558 1651 2657 1712 est
2677 1647 2766 1711 ad
2787 1666 3005 1711 rerum
3035 1645 3231 1709 mira-

763 1738 989 1804 bilium
1021 1760 1253 1806 causas
1283 1742 1670 1824 aperiendas
1712 1744 1943 1807 natum
1982 1743 2234 1822 dicitur,
2263 1763 2396 1809 non
2439 1746 2603 1810 solet
2642 1750 2714 1811 ut
2741 1765 2940 1810 uerae
2969 1744 3229 1810 fabulae

764 1858 934 1920 quae
975 1844 1130 1904 sunt
1157 1840 1240 1904 de
1270 1840 1543 1904 deorum
1571 1844 1810 1906 natura
1859 1845 1924 1906 et
1951 1843 2325 1908 nominibus
2354 1847 2423 1908 et
2456 1845 2618 1909 actis
2662 1848 2727 1909 et
2754 1844 3032 1923 casibuS,
3062 1862 3229 1927 quos

762 1937 998 2004 harum
1039 1958 1261 2003 rerum
1305 1939 1497 2021 periti
1540 1939 1802 2022 proprie
1845 1941 2117 2022 mythos
2153 1941 2503 2024 appellant,
2554 1944 2719 2008 forte
2757 1963 2834 2008 ac
2877 1947 3121 2008 temere
3160 1943 3230 2006 in

762 2035 1101 2104 hominum
1122 2038 1357 2102 animis
1373 2038 1593 2120 aliquo
1619 2058 1838 2103 errore
1863 2039 2074 2104 ductis
2099 2044 2213 2104 aut
2226 2060 2473 2123 pauore
2495 2043 2806 2124 perculsis
2825 2045 2940 2107 aut
2960 2045 3237 2107 naturae

763 2136 1245 2218 pulchritudine
1289 2155 1368 2201 ac
1410 2137 1755 2202 maiestate
1792 2138 1861 2202 in
1898 2138 2402 2203 admirationem
2445 2144 2513 2205 et
2550 2140 3001 2206 adorationem
3032 2138 3235 2222 raptis

765 2236 940 2314 oriri,
971 2237 1088 2301 sed
1118 2236 1203 2300 ab
1234 2255 1367 2300 uno
1412 2236 1632 2318 aliquo
1674 2228 1942 2302 homine
1974 2238 2341 2320 excogitari,
2383 2240 2514 2323 qui,
2545 2260 2694 2305 cum
2738 2240 2825 2304 ad
2852 2239 3237 2304 miraculum

767 2334 1039 2418 ‘aliquod
1067 2355 1258 2400 mens
1288 2354 1606 2400 conuersa
1636 2336 1719 2400 sit
1749 2339 1814 2400 et
1843 2355 2082 2401 causae
2108 2339 2591 2420 cognoscendae
2619 2340 2835 2404 studio
2864 2343 3075 2421 capta,
3103 2356 3237 2403 non

761 2454 901 2500 rem
929 2435 1144 2517 ipsam
1177 2434 1440 2518 qualem
1469 2435 1669 2500 oculis
1713 2435 2013 2518 adspexit
2042 2441 2107 2501 et
2147 2438 2369 2502 animo
2397 2440 2744 2505 exornauit
2768 2440 2987 2504 uerbis
3016 2440 3234 2522 splen,-

762 2530 932 2595 didis
981 2531 1302 2613 exprimit,
1353 2531 1471 2595 sed
1513 2532 1691 2614 quod
1742 2532 2123 2615 quaerendo
2166 2532 2246 2598 et'
2273 2533 2725 2599 ratiocinando
2770 2536 2852 2600 de
2895 2537 2989 2601 rei
3032 2555 3232 2602 causa

762 2629 1055 2696 effecisse
1100 2631 1221 2694 sibi
1251 2630 1514 2694 uidetur
1542 2631 1728 2712 quasi
1758 2631 2114 2697 memoriae
2151 2633 2485 2714 proditum
2530 2637 2594 2699 et
2638 2639 2888 2699 certum
2936 2636 3234 2718 explora-

759 2732 1035 2812 tumque
1086 2728 1363 2793 credulis
1405 2729 1812 2794 auditoribus
1855 2731 2177 2812 proponit.
2220 2731 2335 2797 uix
2377 2737 2596 2798 autem
2634 2733 2703 2798 in
2743 2734 2877 2799 ulla
2914 2734 3233 2799 eiusmodi

758 2829 1134 2919 narratione
1157 2828 1564 2893 manifestius
1587 2848 1788 2911 quam
1810 2829 1878 2892 in
1899 2847 1980 2894 ea
2001 2849 2134 2912 qua
2163 2830 2246 2895 de
2275 2831 2526 2913 agimus
2557 2832 2625 2896 id
2646 2832 2739 2897 ita
2762 2852 2906 2898 esse
2936 2836 3229 2916 apparet.

759 2927 869 3017 uix
916 2927 1051 2995 ulla
1090 2931 1229 2992 tam
1273 2931 1451 2992 certa
1494 2947 1714 2993 rerum
1764 2929 2063 2995 consulto
2100 2935 2165 2995 et
2208 2931 2486 3013 cogitate
2526 2933 2947 2998 inuentarum
2993 2933 3231 3025 indicia

756 3027 1047 3117 praebet.
1093 3046 1325 3097 ansam
1365 3026 1545 3104 dedit
1587 3031 1656 3092 ut
1701 3046 1903 3110 supra
1945 3028 2079 3108 dixi
2122 3033 2188 3094 et
2230 3030 2315 3094 ad
2357 3033 2803 3114 quaerendum
2825 3037 2900 3107 ,et
2931 3032 3016 3097 ad
3047 3032 3230 3097 inue-

757 3126 1066 3211 niendum
1098 3144 1332 3208 gurges
1372 3125 1574 3208 aliqui
1614 3146 1819 3209 prope
1849 3126 2178 3204 Michaelis
2221 3130 2581 3194 oratorium
2623 3132 2786 3196 situs
2826 3133 2889 3195 in
2920 3151 3115 3214 quem
3155 3151 3228 3207 se

756 3224 994 3290 fluuius
1016 3224 1324 3302 abdebat,
1355 3225 1581 3308 qua-les
1612 3225 1979 3308 complures
2017 3230 2085 3292 et
2112 3228 2471 3310 antiquitus
2497 3229 2568 3293 in
2596 3229 2719 3294 illis
2748 3230 2903 3295 locis
2934 3231 3132 3297 fuisse
3162 3234 3229 3298 et

754 3323 949 3388 hodie
1006 3343 1152 3388 esse
1200 3322 1371 3389 infra
1419 3327 1718 3389 ueterum
1775 3344 1853 3389 ac
1914 3327 2349 3395 recentiorum
2406 3329 2792 3410 scriptorum
2841 3329 3228 3394 testimoniis

754 3422 1210 3511 confirmatum
1232 3426 1350 3501 est,
1373 3442 1451 3488 ac
1480 3426 1825 3505 praeterea
1854 3443 2016 3489 saxa
2044 3425 2374 3506 quaedam
2399 3427 2742 3493 hominum
2773 3428 2995 3510 figuris
3025 3429 3225 3509 simu-

752 3504 907 3618 lata,
939 3540 1109 3607 quae
1137 3521 1346 3588 isdem
1370 3522 1437 3586 in
1465 3521 1622 3586 locis
1651 3521 1943 3617 adfuisse
1965 3523 2233 3589 minime
2263 3526 2606 3591 mirabitur
2627 3527 2738 3610 qui
2761 3528 2936 3610 apud
2957 3527 3227 3613 Strabo,-

751 3619 905 3699 nem
951 3621 974 3659 ¹
1016 3624 1132 3685 aut
1177 3621 1459 3686 Plinium
1489 3621 1515 3658 2
1575 3624 1640 3685 et
1682 3622 1861 3703 apud
1911 3627 2175 3699 nostrae
2219 3625 2454 3689 aetatis
2514 3627 3030 3708 peregrinatores
3085 3628 3226 3701 illos

750 3719 1146 3787 Pocookium
1188 3719 1216 3781 Β
1264 3719 1711 3785 Hamittonem
1745 3720 1774 3759 4
1800 3720 2389 3788 Tchihatcheffium
2422 3724 2448 3762 ⁵
2478 3724 2704 3805 legerit
2752 3728 2943 3809 aquis
2990 3726 3226 3791 Hiera-

751 3819 1059 3903 politanis
1110 3818 1385 3901 aliisque
1432 3818 1573 3882 eius
1622 3819 1900 3884 uiciniae
1962 3839 2067 3885 res
2124 3822 2344 3886 uaria-s
2401 3822 2469 3886 in
2530 3842 2692 3888 saxa
2750 3825 3057 3903 conuerti,
3109 3829 3226 3890 aut

749 3918 969 4082 polius
1008 3916 1342 4003 quandam
1387 3917 1575 4015 quasi
1621 3918 1870 3985 faecem
1912 3919 2107 3984 rebus
2143 3919 2386 4003 imponi
2440 3941 2609 4004 quae
2650 3942 2800 3988 cum
2844 3923 3228 3989 obduruerit

767 4007 1045 4111 3¹92&AEOE
1088 4017 1258 4101 mira
1284 4017 1646 4101 formarum
1675 4018 1996 4097 uarietate
2024 4019 2410 4115 notabilium
2427 4022 2718 4104 ¹speciem
2746 4023 3077 4105 praebeat.
3106 4022 3224 4105 sed

836 4232 863 4273 ¹
896 4237 994 4302 13,
1034 4237 1108 4293 14
1142 4255 1199 4309 p.
1228 4237 1348 4293 629
1485 4235 1805 4314 καταντικρὺ
1848 4232 2170 4299 Λαοδικείας
2213 4235 2354 4316 Ἱερὰ
2397 4235 2552 4303 πόλις
2594 4238 2730 4295 ὅπου
2758 4241 2825 4296 τὰ
2855 4240 3024 4317 θερμὰ
3054 4236 3222 4313 ὕδατα

752 4320 847 4399 καὶ
867 4318 931 4375 τὸ
952 4314 1295 4374 Πλουτώνιον
1319 4314 1485 4396 ἄμφω
1506 4312 1964 4395 παραδοξολογίαν
1983 4320 2097 4376 τινὰ
2120 4317 2317 4399 ἔχοντα
2332 4338 2345 4353 ·
2364 4321 2428 4377 τὸ
2454 4322 2547 4395 μὲν
2568 4322 2671 4400 γὰρ
2695 4319 2839 4400 ὕδωρ
2860 4322 3004 4378 οὕτω
3027 4319 3222 4402 ῥᾳδίως

752 4399 825 4463 εἷς
847 4398 1031 4478 πῶρον
1054 4397 1378 4475 μεταβάλλει
1404 4399 1760 4475 πηττόμενον,
1787 4398 1917 4456 ὥστ’
1946 4401 2170 4481 ὀχετοὺς
2199 4400 2483 4480 ἐπάγοντες
2500 4403 2791 4480 ,φραγμοὺς
2823 4404 3215 4482 ἀπεργάζονται

754 4479 1087 4563 μονολίθους.
1121 4503 1179 4555 p.
1209 4483 1328 4539 630
1350 4482 1412 4537 τὸ
1442 4478 1499 4537 δὲ
1520 4490 1618 4548 τῆς
1646 4479 2026 4544 ἀπολιθώσεως
2056 4486 2147 4540 καὶ
2171 4483 2257 4540 ἐπὶ
2285 4489 2390 4541 τῶν
2415 4483 2466 4540 ἐν
2493 4482 2785 4558 Λαοδικείᾳ
2806 4492 3067 4561 ποταμῶν
3097 4506 3223 4565 φαιςηι

749 4564 1075 4641 ουμβαίνειν.
1135 4597 1215 4607 -—
1258 4560 1284 4598 2
1325 4568 1406 4621 N.
1462 4568 1540 4621 H.
1577 4566 1678 4632 31,
1729 4568 1765 4622 2
1792 4566 1938 4642 (20),
1987 4569 2066 4629 29
2108 4569 2168 4624 in
2211 4569 2450 4623 Colossis
2493 4571 2706 4625 flumen·
2738 4576 2821 4625 est
2863 4589 2971 4642 quo
3008 4573 3222 4626 ‘lateres

751 4649 986 4705 coniecti
1032 4648 1237 4720 lapidei
1286 4650 1674 4704 extrahuntur.
1729 4681 1810 4691 —-
1845 4645 1876 4685 ⁸
1902 4653 2277 4722 Description,
2325 4657 2368 4705 t.
2404 4652 2456 4706 V
2496 4670 2553 4723 p.
2611 4653 2768 4720 1453
2823 4653 2980 4721 1503
3028 4655 3103 4709 al.
3140 4680 3223 4713 -„--

747 4727 777 4767 4
799 4720 1158 4797 Researckes,
1193 4738 1234 4787 t.
1257 4731 1284 4786 I
1310 4750 1367 4803 p.
1389 4730 1507 4789 506
1532 4751 1580 4790 s,
1612 4753 1628 4800 ς
1662 4732 1777 4788 511
1813 4757 1828 4799 3
1864 4732 2015 4801 5133
2044 4733 2195 4802 5153
2232 4732 2348 4808 517
2380 4752 2457 4789 ss.
2482 4759 2496 4799 ς
2521 4736 2597 4789 al.
2632 4766 2706 4776 —
2730 4730 2911 4789 ⁵Asie
2931 4737 3210 4803 Mineure,

752 4817 858 4887 Ip.
895 4816 1051 4883 3473
1088 4814 1202 4870 351
1227 4813 1437 4889 ;·352;
1473 4814 1623 4882 3533
1658 4816 1733 4869 al.
2941 4842 2944 4843 ⁷
