3650 5684
1481 426 1569 478 DE
1622 427 1822 479 LOCIS
2626 429 2878 482 xxxvn

402 618 595 685 laeua
617 619 755 684 eius
775 619 996 684 hiatus
1024 619 1187 705 ripa,
1208 619 1462 701 antiqui
1483 617 1728 683 castelli
1756 616 2073 700 reliquiae
2102 621 2298 683 stant.
2331 623 2397 683 et
2424 619 2622 703 paulo
2644 624 2793 703 post
2824 623 2874 687 ¹:

405 717 820 784 ascendimus
884 718 1093 800 inquit
1143 737 1379 782 saxum
1424 716 1491 781 in
1541 736 1674 799 quo
1722 716 2063 782 castellum
2112 718 2400 799 positum
2457 721 2578 797 est,
2619 719 2876 802 fastigio

403 806 618 903 paene
643 817 1085 901 insuperabili,
1109 816 1450 882 altitudine
1477 807 1724 898 ingenti
1752 816 1798 880 ².
1829 816 1989 899 quid
2018 835 2266 899 quaeso
2287 817 2411 882 hac
2442 817 2877 902 descriptione

402 919 675 985 similius
697 918 759 983 ei
786 936 990 1000 quam
1016 935 1098 980 ex
1125 915 1438 999 anonymi
1457 916 1624 980 libro
1643 915 2023 998 collegimus
2037 917 2132 993 10,
2161 916 2239 980 5:
2283 918 2456 998 ἕτεροι
2496 917 2591 976 δύο
2639 925 2878 995 ποταμοὶ

402 1023 744 1102 κατήρχοντο
755 1020 861 1078 ἀπὸ
892 1016 1155 1088 ἀνατολῆς
1185 1018 1474 1100 ἐγγίζοντες
1495 1019 1586 1075 τὸν
1608 1019 1756 1096 ἅγιον
1777 1019 1945 1074 τόπον
1982 1019 2058 1081 ὡς
2087 1018 2196 1076 ἀπὸ
2228 1015 2417 1094 μιλίων
2458 1025 2695 1098 τριῶν...
2729 1022 2878 1077 οὗτοι

404 1121 684 1199 ἑσμίγοντο
727 1115 1066 1197 εἶςλκεφαλὴν
1094 1124 1193 1175 τοῦ
1220 1113 1377 1197 ὄρους
1407 1124 1505 1175 τοῦ
1539 1115 1811 1196 μεγάλου·
1847 1115 1941 1193 12,
1971 1115 2012 1178 5
2041 1114 2257 1196 ἔγγιστα
2286 1115 2344 1174 δὲ
2379 1124 2476 1174 τοῦ
2505 1120 2877 1197 θυτιαστηρίου

404 1220 541 1279 ἔστιν
568 1219 741 1298 πέτρα
768 1220 955 1297 στερεὰ
983 1214 1184 1297 ἔχουσα
1226 1215 1431 1281 πλάτος
1459 1219 1549 1274 καὶ
1580 1224 1753 1292 μῆκος
1781 1215 1949 1291 πολύ,
1981 1218 2045 1274 τὸ
2073 1214 2131 1274 δὲ
2165 1216 2328 1293 βάθος
2371 1216 2537 1287 αὐτῆς
2577 1216 2731 1282 τέλος
2776 1218 2878 1276 οὐκ

404 1318 548 1402 ἔχει·
601 1316 696 1394 18,
747 1318 776 1381 1
825 1316 1022 1397 ἐρράγη
1074 1319 1109 1387 ἡ
1139 1319 1327 1396 στερεὰ
1356 1316 1528 1393 πέτρα
1558 1315 1650 1373 ἀπ’
1679 1314 1861 1395 ἄκρων
1891 1314 1994 1380 ἕως
2032 1314 2213 1395 ἄκρων
2253 1319 2345 1373 καὶ
2387 1316 2494 1374 ἀπὸ
2532 1315 2732 1377 ἄνωθεν
2775 1316 2880 1384 ἕως

403 1418 557 1475 κάτω
573 1435 587 1449 ·
627 1414 721 1491 19,
745 1415 784 1477 5
815 1415 1157 1483 ἁκοντίσθητε
1186 1414 1334 1489 ὑμεῖς
1356 1411 1435 1489 (οἳ
1454 1416 1718 1493 ποταμοὶ)
1745 1413 1799 1471 ἐν
1817 1421 1887 1490 τῇ
1907 1414 2061 1494 χώνῃ
2085 1413 2253 1491 ταύτῃ
2269 1416 2358 1471 καὶ
2380 1411 2497 1472 ἔστι
2519 1414 2880 1495 χωνευόμενοι

406 1515 458 1572 ἐν
513 1521 595 1588 τῷ
635 1514 878 1593 χάσματι
923 1511 1121 1586 τούτῳ.
1166 1508 1405 1572 desunt
1430 1512 1695 1589 σήραγγες
1724 1508 1866 1573 siue
1909 1508 2189 1574 cuniculi
2241 1508 2330 1572 illi
2374 1529 2415 1573 a
2442 1500 2684 1574 Ioanne
2712 1510 2876 1595 Scy·

403 1611 554 1675 litza
593 1607 940 1674 memorati
979 1608 1027 1672 ³.
1079 1610 1148 1672 at
1188 1595 1406 1689 potest
1454 1605 1594 1672 fieri
1636 1609 1710 1671 ut
1738 1606 1894 1671 olim
1940 1606 2271 1672 adfuerint
2299 1607 2467 1672 sicut
2495 1607 2780 1674 Colossis
2811 1609 2878 1674 in

405 1712 598 1793 Lyc0‚
621 1711 876 1789 crustas
920 1707 1096 1772 enim
1121 1726 1201 1771 ex
1228 1706 1421 1770 buius
1446 1720 1708 1789 quoque
1749 1705 1873 1771 loci
1904 1726 2080 1789 aqua
2105 1706 2418 1772 exsistere
2438 1708 2573 1772 iam
2622 1727 2825 1791 supra
2851 1708 2879 1746 ⁴

406 1807 1024 1875 demonstrauimus
1066 1810 1408 1889 praeterea
1436 1808 1657 1870 autem
1687 1805 1863 1870 idem
1905 1805 2222 1871 Arundell
2254 1800 2447 1871 docet
2488 1825 2734 1889 aquam
2763 1807 2879 1872 alti

406 1912 470 1974 et
500 1908 615 1973 lati
640 1907 810 1973 illius
838 1905 1144 1972 torrentis
1173 1905 1286 1987 qui
1315 1908 1465 1988 post
1490 1904 1714 1971 uicum
1749 1905 2175 1988 praeterfluat
2216 1905 2284 1970 in
2325 1906 2545 1970 medio
2573 1907 2721 1971 uico
2751 1907 2878 1971 sub
2917 1978 2922 1989 ‚

405 2013 650 2074 terram
679 2006 835 2072 abdi
864 2007 908 2084 ⁵,
952 2006 1109 2070 item
1140 2004 1341 2069 alium
1366 2003 1642 2069 fluuium
1672 2023 1790 2068 sex
1832 2004 1968 2069 fere
2009 2003 2187 2068 milla
2215 1994 2531 2087 passuum
2563 2024 2599 2069 a
2635 2004 2878 2070 Chonis

405 2111 620 2173 terrae
660 2106 847 2170 hiatu
895 2103 1105 2188 excipi
1154 2109 1220 2169 et
1248 2106 1688 2168 trecentorum
1728 2102 1866 2168 fere
1907 2122 2224 2185 passuum
2257 2103 2601 2170 interuallo
2650 2124 2878 2170 rursus

406 2225 741 2289 emergere
771 2206 816 2270 ⁶.
839 2205 1016 2271 unde
1036 2204 1163 2268 hoc
1192 2206 1366 2268 certe
1387 2202 1647 2268 efficere
1669 2221 2025 2284 possumus
2053 2202 2293 2267 multos
2339 2221 2484 2267 esse
2528 2203 2666 2268 eius
2695 2203 2877 2267 modi

404 2308 472 2370 in
494 2306 616 2370 illis
638 2305 794 2370 locis
817 2304 1206 2369 torrentium
1236 2302 1420 2385 quasi
1448 2301 1793 2378 cunicuIOS,
1815 2320 1937 2366 nec
1957 2299 2342 2365 mirabimur
2362 2301 2417 2365 si
2443 2305 2584 2366 tum
2609 2302 2653 2366 ii
2680 2303 2880 2367 exsti-

407 2408 627 2471 terunt
655 2408 797 2468 tum
820 2403 1241 2469 conciderunt
1272 2402 1314 2465 ⁷.
1346 2401 1627 2483 denique
1651 2400 1811 2465 illud
1838 2403 1913 2465 ut
1941 2399 2135 2464 nimis
2163 2399 2397 2481 longae
2426 2400 2578 2466 huic
2612 2402 2878 2467 tandem

407 2504 605 2569 finem
633 2504 1027 2586 inponamus
1061 2500 1497 2584 disquisitioni
1538 2499 1929 2577 tenebimUS,
1973 2499 2133 2565 nihil
2177 2499 2410 2565 obesse
2440 2499 2598 2584 quin
2627 2520 2705 2566 eo
2733 2501 2877 2566 loco

405 2603 518 2686 qui
545 2622 720 2667 nunc
737 2602 1007 2667 Khonas
1046 2598 1415 2683 appellatur
1436 2598 1822 2663 miraculum
1854 2597 2096 2662 factum
2121 2601 2186 2662 et
2208 2598 2524 2681 templum
2547 2599 2878 2665 Michaelis

406 2703 821 2767 aedificatum
847 2719 992 2766 esse
1024 2699 1489 2776 existimemuS,
1519 2698 1720 2762 immo
1743 2700 1899 2779 apte
1930 2697 2150 2761 omnia
2180 2697 2267 2763 ad
2292 2696 2463 2764 hanc
2482 2699 2878 2764 sententiam

404 2802 766 2885 quadrare3
790 2800 892 2865 sin
916 2802 1140 2865 autem
1160 2798 1441 2864 Colossis
1463 2798 1528 2863 in
1554 2796 1709 2881 Lyci
1737 2797 1882 2878 ripa
1905 2796 2106 2861 situm
2135 2796 2330 2862 fuisse
2357 2797 2691 2864 Michaelis
2713 2801 2880 2864 tem-

403 2900 586 2983 plum
629 2918 1057 2983 perseuerare
1109 2898 1405 2975 uelimuS,
1449 2897 1837 2979 scriptorem
1878 2895 2275 2961 narrationis
2307 2916 2458 2962 eum
2502 2898 2874 2980 putandum

403 3001 543 3065 fore
571 3000 682 3083 qui
709 3018 832 3064 nec
853 2998 1172 3080 templum
1194 3017 1316 3062 nec
1340 2997 1698 3062 oratorium
1719 3015 1937 3078 neque
1960 2996 2125 3061 adeo
2151 2996 2461 3061 Colossae
2482 2993 2599 3063 aut
2613 2997 2877 3064 Chonas

404 3118 721 3182 umquam
750 3098 952 3163 oculis
982 3097 1306 3180 aspexerit
1346 3100 1460 3162 aut
1491 3115 1661 3179 quae
1691 3099 1867 3160 esset
1894 3095 2184 3160 locorum
2228 3099 2463 3161 natura
2506 3099 2877 3179 percontari

403 3197 750 3264 curauerit.

421 3437 429 3442 -
492 3398 513 3435 ¹
537 3404 604 3457 P.
641 3403 742 3458 97.
770 3432 850 3444 -·
883 3396 911 3433 ²
939 3401 1212 3456 Viderunt
1253 3400 1446 3455 eadem
1474 3400 1748 3464 Pococke‚
1784 3401 2161 3469 Descrz'ption,
2196 3406 2238 3453 t.
2285 3400 2333 3453 V
2362 3417 2419 3470 p.
2463 3400 2577 3456 150
2606 3420 2621 3468 3
2657 3401 2873 3456 Hamil-

403 3492 521 3550 ton,
555 3484 913 3550 Researches,
948 3490 992 3538 t.
1027 3483 1055 3538 Ι
1085 3502 1142 3554 p.
1185 3482 1302 3537 508
1335 3482 1452 3537 The
1480 3482 1609 3553 only
1636 3482 1878 3536 remains
1907 3483 1970 3534 of
1989 3481 2272 3550 buildings
2302 3499 2398 3536 are
2427 3482 2521 3539 the
2548 3483 2707 3538 ruins
2748 3485 2812 3538 of
2841 3502 2874 3539 a

404 3570 574 3623 castle
625 3586 697 3622 on
739 3586 772 3622 a
820 3567 993 3638 rocky
1043 3566 1303 3638 platform
1351 3566 1523 3621 above
1560 3565 1655 3619 the
1681 3565 1907 3634 village,
1942 3565 2050 3618 and
2093 3565 2271 3619 atthe
2298 3565 2414 3618 foot
2442 3567 2505 3621 of
2525 3584 2558 3620 a
2584 3572 2738 3638 steep
2766 3568 2875 3622 and

405 3651 742 3723 precipitous
784 3667 958 3719 range
987 3651 1049 3703 of
1083 3647 1420 3713 mountainS,
1452 3650 1596 3702 from
1622 3647 1805 3702 which
1835 3664 1868 3701 a
1897 3648 2057 3701 small
2086 3653 2311 3712 stream,
2354 3649 2498 3704 after
2540 3649 2877 3720 descending

404 3734 648 3804 through
691 3751 723 3788 a
772 3733 910 3804 deep
953 3732 1061 3787 and
1102 3748 1324 3785 narrow
1365 3748 1539 3801 gorge
1580 3737 1637 3785 to
1680 3730 1775 3785 the
1816 3735 1955 3784 west
1998 3731 2062 3784 of
2080 3730 2177 3785 the
2205 3732 2398 3796 castle,
2441 3733 2593 3786 flows
2620 3732 2738 3786 into
2779 3726 2875 3788 the

405 3817 576 3888 plain,
632 3816 740 3870 and
794 3815 1038 3887 supplies
1082 3814 1176 3869 the
1218 3813 1421 3884 village
1462 3814 1599 3867 with
1647 3819 1841 3868 water.
1897 3843 1979 3854 —
2028 3806 2056 3845 3
2106 3813 2191 3869 Cf.
2249 3831 2418 3885 supra
2459 3833 2516 3887 p.
2567 3831 2746 3871 xxxv.
2794 3847 2874 3856 —-

404 3894 432 3931 ⁴
475 3900 549 3955 P.
589 3915 767 3966 xx1v3
806 3896 888 3956 cf.
932 3898 1099 3952 etiam
1140 3897 1412 3951 Arundell
1453 3897 1550 3968 qui
1579 3915 1636 3968 p.
1693 3897 1806 3952 102
1838 3895 2062 3950 circiter
2102 3896 2340 3951 duarum
2366 3898 2633 3953 horarum
2673 3897 2874 3953 itinere

405 3999 438 4035 a
460 3982 664 4049 Chonis
692 3981 901 4048 uidisse
931 3999 990 4035 se
1021 3981 1098 4035 ait
1132 3998 1165 4034 a
1197 3980 1299 4051 dry
1341 3979 1576 4033 channel
1605 3980 1667 4033 of
1687 3998 1720 4034 a
1749 3985 1986 4043 torrent,
2022 3979 2129 4033 and
2155 3980 2336 4034 below
2363 3980 2408 4034 it
2430 3980 2742 4045 Pambouk,
2768 3981 2876 4035 hoc

405 4070 489 4118 est
520 4064 864 4136 Hierapolin,
905 4063 965 4118 in
1000 4063 1319 4127 miniaturc,
1366 4062 1487 4117 that
1515 4062 1564 4116 is
1604 4068 1662 4117 to
1707 4081 1823 4134 say,
1854 4078 1887 4115 a
1925 4061 2138 4116 similar
2166 4061 2529 4118 incrustation
2557 4062 2875 4118 of.mineral

405 4152 627 4212 waterS,
661 4147 830 4201 white
868 4147 975 4201 and
1009 4145 1318 4216 glittering.
1349 4145 1652 4210 Hamilton,
1686 4145 2046 4212 Researches,
2081 4151 2125 4201 t.
2165 4146 2192 4200 I
2219 4163 2276 4216 p.
2308 4145 2458 4213 5063
2493 4145 2637 4210 507,
2671 4145 2877 4201 similia

404 4228 549 4284 uidit
576 4246 750 4301 prope
779 4229 1001 4284 Kaklek
1028 4228 1237 4283 uicum.
1274 4228 1537 4291 uidelicet
1564 4231 1713 4282 totus
1741 4229 1839 4284 ille
1877 4234 2088 4283 tractus
2118 4227 2389 4282 eiusmodi
2418 4227 2576 4299 aquis
2605 4229 2869 4284 abundat.

406 4306 536 4352 —5
557 4312 850 4376 Arundell,
885 4331 940 4384 p.
965 4313 1066 4368 99.
1107 4341 1188 4352 --
1210 4305 1324 4367 ⁶P.
1350 4311 1487 4367 100.
1524 4312 1609 4366 Cf.
1638 4300 1807 4367 etiam
1835 4328 2005 4383 supra
2034 4329 2091 4382 p.
2121 4327 2287 4375 xxm,
2319 4310 2376 4366 2.
2405 4341 2486 4351 —
2510 4304 2535 4343 ⁷
2558 4311 2643 4367 Cf.
2674 4311 2878 4366 Hamil·

403 4401 521 4460 ton,
556 4395 915 4461 Reman-hes,
950 4401 993 4450 t.
1028 4395 1055 4449 I
1083 4413 1140 4466 p.
1177 4394 1292 4451 511
1325 4413 1373 4451 5.

602 4919 656 4961 Π.
692 4919 743 4958 Β.
2620 4917 2682 4956 111
