3650 5684
759 437 910 489 XXII
1804 430 2035 486 GAPVT
2087 434 2187 485 1111

848 627 923 692 91
951 647 1017 709 p,
1053 625 1265 689 1196ss
1294 629 1358 683 οὗ
1388 625 1763 705 ([Ιαφνουτίου)
1812 626 2028 706 φέρεται
2078 625 2343 704 ἐγκώμιον
2392 625 2585 701 ἀρετῆς
2630 625 2713 682 δ’τι
2765 622 3096 703 ἀγδοήκοντα
3140 622 3233 695 ἔτη

763 731 920 791 οὗτος
940 724 1028 806 ὕφ’
1049 732 1104 784 ἓν
1128 724 1226 783 δύο
1253 733 1487 805 χιτῶνας
1516 722 1618 782 οὒκ
1647 722 1803 804 ἔσχεν
1829 724 1872 786 ¹.

845 824 1009 888 Ecce
1031 823 1386 887 multorum
1411 841 1734 886 annorum
1755 821 2282 904 temperantiam,
2309 839 2457 884 ecce
2482 820 2605 884 cibi
2630 822 2694 884 et
2717 823 2909 902 potus
2933 823 2998 884 et
3019 819 3236 883 balnei

763 922 1245 998 abstinentiam,
1276 940 1424 985 ecce
1475 921 1693 985 cibum
1741 920 2055 985 unciatim
2106 920 2491 1002 adpensum,
2544 938 2692 983 ecce
2744 919 3039 996 lachana,
3061 913 3068 919 ’
3087 937 3236 983 ecce

765 1021 1109 1097 insomnia,
1122 1039 1271 1084 ecce
1299 1019 1583 1084 uestium
1620 1019 1963 1100 uilitatem,
1987 1038 2134 1084 ecce
2164 1038 2388 1101 preces
2423 1023 2489 1083 et
2518 1018 2786 1083 cantica.
2817 1037 2990 1101 quae
3019 1018 3239 1082 omnia

768 1120 1065 1202 scriptori
1093 1136 1421 1200 anonymo
1455 1136 1586 1181 non
1618 1117 1942 1182 difficilius
1988 1118 2110 1181 fuit
2154 1137 2351 1199 quam
2394 1117 2583 1181 nobis
2614 1137 2695 1181 ex
2737 1118 2955 1200 aliquo
2988 1116 3071 1181 de
3100 1117 3238 1181 uita

767 1221 1032 1302 patrum
1053 1217 1385 1285 uolumine
1422 1217 1792 1282 describere
1814 1220 1934 1280 aut
1966 1217 2122 1281 talia
2144 1217 2364 1298 qualia
2388 1217 2589 1281 oculis
2621 1217 2758 1281 eius
2799 1217 3240 1286 obuersaban-

775 1319 883 1380 tur
912 1334 1237 1380 enarrare.
1280 1334 1438 1379 nam
1480 1318 1620 1379 toto
1664 1314 1822 1378 orbe
1852 1318 2176 1381 terrarum
2205 1314 2467 1395 uigebat
2496 1314 2649 1378 inde
2694 1334 2735 1378 a
2775 1313 3037 1378 saeculo
3089 1315 3243 1396 post

777 1413 1109 1479 Christum
1157 1417 1388 1478 natum
1432 1416 1669 1495 quarto
1700 1414 1924 1485 ἄσκησις
1951 1411 2063 1476 illa
2092 1412 2343 1493 ἀγγελικὴ
2375 1411 2402 1449 ²
2446 1415 2510 1476 et
2531 1431 2859 1477 summam
2902 1412 3242 1479 hominum

773 1512 1277 1577 admirationem
1309 1511 1652 1575 excitabat.

861 1611 1075 1675 Mores
1107 1610 1417 1692 Archippi
1449 1613 1513 1674 et
1534 1608 1787 1674 indoles
1816 1608 2016 1691 paulo
2044 1609 2260 1673 minus
2288 1629 2666 1673 communes
2696 1613 2847 1673 sunt
2874 1628 2998 1674 nec
3021 1612 3245 1677 tamen

776 1710 943 1777 adeo
986 1713 1223 1774 natura
1252 1709 1391 1773 eius
1422 1713 1522 1772 est
1563 1708 1828 1791 propria
1856 1712 1929 1771 ut
1970 1709 2340 1773 necessario
2369 1708 2672 1772 uideatur
2699 1728 2875 1774 uera.
2919 1712 3019 1772 est
3045 1709 3246 1773 homo

773 1808 1040 1875 timidus
1089 1807 1282 1872 simul
1333 1811 1400 1871 et
1449 1807 1814 1871 obstinatus
1867 1807 2093 1889 quales
2125 1807 2323 1872 fuisse
2364 1807 2791 1889 perhibentur
2831 1807 3011 1872 haud
3052 1807 3246 1890 pauci

780 1926 1008 1971 eorum
1038 1925 1317 1988 quorum
1345 1906 1519 1970 facta
1558 1906 1626 1969 in
1669 1905 1906 1987 bybliis
1948 1906 2334 1983 referuntur,
2365 1906 2723 1983 Abraham,
2754 1907 2969 1980 Iacob,
2992 1906 3245 1986 PetruS,

777 2006 987 2083 IonaS,
1013 2005 1130 2070 sed
1160 2005 1427 2069 minime
1457 2023 1670 2068 nauus
1716 1988 1780 2068 et
1808 2003 1988 2087 duod
2015 2005 2100 2068 illi
2148 2004 2413 2087 quidem
2445 2004 2707 2070 fuerunt
2749 2025 2900 2069 acer
2928 2011 2993 2070 et
3022 2006 3244 2070 indus·-

778 2105 962 2171 triuS.
993 2102 1187 2168 Ionae
1217 2103 1577 2168 simillimus
1601 2106 1700 2167 est
1727 2104 2012 2185 ploranti
2042 2108 2104 2167 et
2135 2104 2437 2185 gementi.
2470 2123 2702 2168 canere
2733 2108 2798 2169 et
2824 2123 3014 2169 orare
3046 2105 3105 2169 ei
3127 2123 3246 2186 pro

783 2203 1008 2268 labore
1033 2206 1132 2267 est
1161 2207 1223 2267 et
1254 2203 1671 2269 contentione
1702 2206 1766 2266 et
1796 2203 2168 2267 certamine.

868 2302 1113 2369 Dicitur
1142 2301 1512 2382 Archippus
1542 2304 1935 2381 προσμονάριος
1966 2301 2167 2365 fuisse
2207 2301 2470 2365 oratorii
2501 2301 2879 2366 Chonensis.
2911 2321 3042 2383 qua
3089 2321 3250 2366 uoce

782 2400 1066 2483 hybrida
1109 2400 1644 2482 significabantur
1673 2399 1918 2464 aeditui
1949 2399 2218 2482 quidam
2249 2399 2642 2482 templorum
2672 2401 2780 2481 qui
2812 2401 3106 2465 canonici
3130 2420 3252 2466 nec

783 2503 1008 2565 tamen
1039 2500 1250 2564 clerici
1275 2498 1692 2563 habebantur
1720 2502 1793 2563 ut
1822 2504 2096 2581 apparet
2126 2518 2162 2562 e
2191 2517 2439 2565 canone
2469 2498 2675 2563 altero
2707 2499 2957 2564 concilii
2987 2500 3253 2565 Chalce-

787 2599 1095 2665 donensis
1139 2599 1292 2662 anni
1321 2617 1534 2662 ccccm
1560 2597 1605 2660 ³.
1655 2597 1906 2679 primus
1967 2596 2200 2662 dicitur
2250 2598 2449 2662 fuisse
2486 2617 2619 2662 non
2671 2598 3004 2679 dignitate,
3056 2617 3250 2662 nemo

789 2697 962 2763 enim
1000 2697 1215 2760 socius
1260 2695 1398 2760 eius
1442 2699 1864 2771 memoratur,
1897 2695 2031 2772 sed,
2057 2696 2231 2778 quod
2274 2695 2544 2773 mireriS,
2588 2699 2958 2778 temporum
2997 2696 3253 2761 ordine.

786 2796 1030 2861 scilicet
1050 2815 1167 2876 per
1194 2794 1551 2875 nonaginta
1571 2813 1777 2858 annos
1806 2794 2116 2858 sacellum
2140 2814 2539 2876 paganorum
2568 2795 2664 2858 ira
2695 2800 2760 2858 et
2782 2796 2931 2860 odio
2956 2796 3257 2860 frenden-

788 2894 955 2959 tium
982 2891 1398 2956 multitudine
1422 2891 1896 2955 circumdatum
1916 2891 2095 2955 nulla
2123 2892 2329 2956 tutela
2358 2892 2633 2973 egebat?
2664 2892 2779 2956 sed
2811 2892 3081 2957 minima
3121 2911 3258 2962 non

795 2994 979 3065 curat
999 2991 1105 3054 hic
1127 2991 1420 3072 scriptor.

876 3090 1283 3171 Archippum
1327 3088 1474 3152 libri
1498 3088 1880 3170 scriptorem
1923 3099 2066 3152 esse
2096 3088 2369 3153 credidit
2397 3091 2512 3153 aut
2547 3089 2709 3153 alios
2740 3088 2862 3152 sibi
2894 3089 3254 3155 credituros

796 3213 941 3258 esse
976 3192 1266 3274 sperauit
1287 3193 1341 3256 is
1367 3192 1478 3273 qui
1507 3191 1670 3255 libro
1692 3189 2019 3272 inscripsit
2041 3210 2121 3254 ea
2143 3211 2313 3273 quae
2340 3191 2473 3255 iam
2496 3192 2562 3254 in
2586 3192 2940 3274 archetypo
2966 3192 3260 3257 codicum

798 3295 1171 3357 nostrorum
1222 3290 1604 3372 legebantur
1645 3290 1883 3370 διήγησις
1926 3294 2016 3348 καὶ
2058 3290 2398 3365 ἀποκάλυψις
2448 3298 2545 3348 τοῦ
2595 3294 2748 3370 ἁγίου
2791 3291 3097 3371 Ἀρχίππου
3140 3290 3262 3355 κτλ.

799 3390 965 3455 haec
987 3389 1160 3455 enim
1181 3389 1384 3472 siquis
1408 3389 1500 3452 sic
1528 3388 1987 3470 interpretetur
2015 3391 2088 3452 ut
2114 3387 2474 3469 significent
2503 3390 2947 3455 narrationem
2971 3389 3053 3453 de
3075 3409 3265 3455 reue-

886 3619 910 3656 ¹
939 3623 1024 3679 Cf.
1059 3624 1224 3677 etiam
1254 3643 1303 3678 c.
1341 3624 1419 3678 32
1450 3643 1505 3694 p.
1540 3624 1691 3678 1091
1717 3622 1794 3688 Ο,
1825 3624 1898 3678 41
1934 3642 1991 3694 p.
2024 3623 2279 3689 1137A;
2316 3625 2392 3679 86
2418 3642 2475 3695 p.
2501 3625 2752 3692 1194C;
2788 3627 2861 3679 al.
2888 3645 2903 3693 ς
2937 3615 3063 3680 aeta
3085 3625 3266 3680 Pauli
3366 3625 3371 3629 ’

803 3716 855 3762 et
886 3707 1117 3761 Theclae
1147 3706 1223 3761 43
1256 3725 1311 3776 p.
1347 3707 1424 3761 60
1456 3706 1827 3761 Tischendorf
1862 3700 2068 3777 ᾤκησεν
2114 3704 2165 3759 ἐν
2207 3701 2457 3777 σπηλαίῳ
2499 3705 2727 3781 χρόνους
2768 3704 3140 3780 ἑβδομήκοντα
3171 3703 3265 3763 δύο

804 3787 1047 3844 ἐσθίουσα
1077 3787 1300 3862 βοτάνας
1330 3789 1421 3842 καὶ
1441 3783 1584 3865 ὕδωρ
1600 3804 1616 3862 ;
1644 3789 1924 3858 Metaphr.
1954 3793 2060 3843 uit.
2089 3790 2355 3843 Marcelli
2377 3808 2431 3860 p.
2462 3789 2582 3844 709
2600 3789 2646 3843 G
2665 3790 2855 3860 Migne
2884 3789 2928 3844 εἰ
2957 3785 3014 3844 δέ
3040 3809 3147 3844 που
3175 3789 3268 3847 καὶ

806 3869 993 3946 μικρόν
1021 3891 1072 3925 τι
1098 3875 1179 3942 τῷ
1209 3867 1357 3941 ὕπνῳ
1381 3866 1629 3943 ἀπένειμε
1658 3866 1721 3924 δι’
1751 3868 1917 3936 αὐτὴν
1943 3871 2073 3942 (scr.
2104 3866 2187 3924 διὰ
2215 3870 2312 3937 τὴν
2335 3869 2380 3944 2)
2427 3867 2660 3946 ἀνάγκην
2695 3877 2791 3925 τοῦ
2834 3869 3109 3944 σώματος,
3145 3866 3268 3925 ἀλλ’

806 3950 929 4009 οὐδὲ
958 3949 1106 4024 αὐτῷ
1137 3950 1267 4026 (scr.
1301 3950 1431 4007 αότὸ
1447 3952 1491 4028 2)
1521 3948 1702 4008 ἄνετον
1723 3951 1809 4026 ἦν,
1838 3947 1962 4006 ἀλλ’
1992 3950 2238 4007 ἐπίπονον
2267 3954 2358 4008 καὶ
2380 3949 2803 4028 κεκολασμένον;
2841 3957 2993 4009 Vitae
3004 3965 3262 4024 patrum,

806 4038 894 4094 ed.
925 4036 1118 4091 Herib.
1147 4037 1507 4107 Rosweydus,
1533 4037 1805 4107 Antuerp.
1840 4035 2019 4101 1615,
2054 4037 2081 4091 1
2116 4036 2326 4091 Abrah.
2361 4054 2418 4106 p.
2459 4035 2666 4103 150B3
2696 4035 2755 4101 5,
2792 4037 2851 4101 8,
2881 4037 2917 4091 4
2947 4055 3003 4107 p.
3042 4037 3160 4092 592
3182 4039 3263 4103 A;

813 4120 910 4183 10,
941 4120 1018 4173 22
1049 4138 1105 4190 p.
1136 4119 1249 4172 861
1279 4120 1362 4186 A3
1397 4120 1470 4172 al.
1508 4150 1587 4159 -—
1616 4112 1642 4150 2
1673 4120 1913 4189 Propter
1941 4118 2323 4188 uirginitatem
2350 4119 2431 4172 sic
2457 4119 2625 4183 dicta,
2661 4121 2733 4173 cf.
2770 4120 2840 4173 H.
2862 4120 3094 4184 Vsener,
3122 4121 3271 4174 Reli-

802 4200 1396 4273 yionsyesckichtliche
1433 4201 1952 4270 Untersuchunqen,
1989 4202 2146 4255 Bonn
2175 4200 2351 4265 1889,
2386 4207 2431 4255 t.
2466 4201 2492 4254 I
2520 4219 2576 4271 p.
2614 4202 2714 4264 48,
2749 4202 2847 4255 sed
2868 4202 3100 4273 reliquis
3128 4219 3269 4272 qua-

809 4301 937 4338 rum
964 4285 1213 4354 exempla
1242 4284 1575 4354 protulimus
1597 4283 1904 4337 uirtutibus
1932 4300 2043 4337 non
2069 4284 2254 4336 minus
2282 4282 2536 4352 insignis,
2566 4314 2647 4321 —
2674 4278 2701 4315 3
2731 4285 2916 4337 Lahbe
2944 4290 3000 4338 et
3029 4284 3271 4354 Cossart‚

810 4367 1016 4421 Concil.
1046 4373 1088 4420 t.
1117 4366 1194 4420 IV
1216 4384 1273 4436 p.
1308 4365 1429 4420 755
1461 4360 1511 4419 ε’ί
1539 4383 1617 4426 τις
1657 4362 1945 4424 ἐπίσκοπος
1996 4362 2085 4419 ἐπὶ
2131 4363 2377 4442 χρήμασι
2427 4363 2758 4442 χειροτονίαν
2789 4365 3148 4431 ποιήσαιτο...
3182 4364 3274 4418 καὶ

806 4447 1154 4526 χειροτονήσῃ
1188 4446 1274 4501 ἐπὶ
1294 4447 1565 4525 χρήμασιν
1594 4445 1882 4502 ἐπίσκοπον
1905 4443 1937 4513 ἢ
1962 4446 2377 4525 χωρεπίσκοπον
2406 4445 2439 4513 ἢ
2470 4445 2827 4523 πρεσβύτερον
2876 4445 2909 4514 ἢ
2954 4443 3192 4501 διάκονον
3236 4443 3271 4512 ἢ

807 4526 984 4606 ἔτερόν
1033 4550 1146 4584 τινα
1196 4535 1306 4584 τῶν
1349 4527 1401 4583 ἐν
1443 4534 1525 4601 τῷ
1574 4525 1762 4606 κλήρῳ
1813 4526 2319 4605 καταριθμουμένων
2356 4526 2389 4595 ἢ
2421 4525 2787 4605 προβάλλοιτο
2817 4527 2904 4584 ἐπὶ
2934 4529 3203 4606 χρήμασιν
3237 4521 3272 4595 ἢ

806 4610 1086 4685 οἰκονόμον
1114 4610 1147 4679 ἢ
1173 4608 1380 4667 ἔκδικον
1411 4609 1443 4678 ἢ
1474 4611 1868 4688 προσμονάριον
1896 4609 1929 4678 ἢ
1961 4607 2104 4672 ὅλως
2133 4612 2248 4665 τινὰ
2277 4616 2373 4665 τοῦ
2402 4610 2639 4672 κανόνος.
2670 4614 2737 4666 de
2775 4630 2983 4667 canone
3025 4620 3080 4667 et
3124 4613 3274 4667 clero

805 4698 877 4754 cf.
928 4697 1141 4759 Suiceri
1168 4696 1490 4751 Thesaurus
1517 4697 1815 4753 ecclesiast.
1846 4701 1890 4750 t.
1924 4695 1979 4749 H
2007 4713 2063 4765 p.
2100 4695 2177 4750 36
2210 4701 2265 4748 et
2295 4694 2395 4749 40.
2424 4695 2790 4764 prosmonarii
2838 4702 3215 4750 memorantur
3242 4710 3276 4749 a

806 4779 1161 4835 Constantino
1192 4779 1542 4850 Porphyrog.
1577 4780 1646 4833 de
1674 4782 1904 4832 caerim.
1940 4779 2109 4831 aulae
2136 4778 2285 4847 Byz.
2319 4778 2374 4842 1,
2415 4778 2442 4832 1
2471 4796 2528 4848 p.
2570 4777 2665 4842 18,
2707 4778 2779 4833 18
2802 4779 2990 4835 'Bonn.
