<?xml version="1.0" encoding="UTF-8"?>
<!DOCTYPE html PUBLIC "-//W3C//DTD XHTML 1.0 Transitional//EN"
    "http://www.w3.org/TR/xhtml1/DTD/xhtml1-transitional.dtd">
<html xmlns="http://www.w3.org/1999/xhtml" xml:lang="en" lang="en">
 <head>
  <title>
</title>
<meta http-equiv="Content-Type" content="text/html;charset=utf-8" />
  <meta name='ocr-system' content='tesseract 3.04.00' />
  <meta name='ocr-capabilities' content='ocr_page ocr_carea ocr_par ocr_line ocrx_word'/>
</head>
<body>
  <div class='ocr_page' id='page_1' title='image "./narratiodemirac00symegoog/narratiodemirac00symegoog_0019.png"; bbox 0 0 3650 5684; ppageno 0'>
   <div class='ocr_carea' id='block_1_1' title="bbox 1208 452 2926 527">
    <p class='ocr_par' dir='ltr' id='par_1_1' title="bbox 1208 452 2926 527">
     <span class='ocr_line' id='line_1_1' title="bbox 1208 452 2926 527; baseline 0.003 -5"><span class='ocrx_word' id='word_1_1' title='bbox 1208 470 1297 522; x_wconf 78' lang='lat' dir='ltr'>DE</span> <span class='ocrx_word' id='word_1_2' title='bbox 1349 471 1562 525; x_wconf 76' lang='lat' dir='ltr'>mano</span> <span class='ocrx_word' id='word_1_3' title='bbox 1612 473 1660 524; x_wconf 84' lang='lat' dir='ltr'>A</span> <span class='ocrx_word' id='word_1_4' title='bbox 1711 452 1917 526; x_wconf 79' lang='lat' dir='ltr'>Nom&#39;s</span> <span class='ocrx_word' id='word_1_5' title='bbox 1967 472 2177 526; x_wconf 74' lang='lat' dir='ltr'>norro</span> <span class='ocrx_word' id='word_1_6' title='bbox 2848 475 2926 527; x_wconf 81' lang='lat' dir='ltr'>ix</span> 
     </span>
    </p>
   </div>
   <div class='ocr_carea' id='block_1_2' title="bbox 456 652 3012 2922">
    <p class='ocr_par' dir='ltr' id='par_1_2' title="bbox 456 652 3012 1638">
     <span class='ocr_line' id='line_1_2' title="bbox 458 652 2923 749; baseline 0.004 -27"><span class='ocrx_word' id='word_1_7' title='bbox 458 663 715 742; x_wconf 73' lang='grc' dir='ltr'>16,13οὶ</span> <span class='ocrx_word' id='word_1_8' title='bbox 752 666 965 749; x_wconf 77' lang='grc' dir='ltr'>βροτοί;</span> <span class='ocrx_word' id='word_1_9' title='bbox 995 662 1188 740; x_wconf 88' lang='grc'>18,10</span> <span class='ocrx_word' id='word_1_10' title='bbox 1215 680 1713 746; x_wconf 41' lang='lat' dir='ltr'>—aquamquam</span> <span class='ocrx_word' id='word_1_11' title='bbox 1733 663 1858 729; x_wconf 92' lang='lat' dir='ltr'>hoc</span> <span class='ocrx_word' id='word_1_12' title='bbox 1881 652 2146 746; x_wconf 90' lang='lat' dir='ltr'>quidem</span> <span class='ocrx_word' id='word_1_13' title='bbox 2168 667 2326 731; x_wconf 85' lang='lat' dir='ltr'>satis</span> <span class='ocrx_word' id='word_1_14' title='bbox 2355 685 2699 731; x_wconf 91' lang='lat' dir='ltr'>commune</span> <span class='ocrx_word' id='word_1_15' title='bbox 2726 669 2923 731; x_wconf 90' lang='lat' dir='ltr'>est—</span> 
     </span>
     <span class='ocr_line' id='line_1_3' title="bbox 456 761 2927 851; baseline 0.001 -29"><span class='ocrx_word' id='word_1_16' title='bbox 456 763 719 826; x_wconf 80' lang='grc' dir='ltr'>ἐπαοιδία.</span> <span class='ocrx_word' id='word_1_17' title='bbox 756 763 991 844; x_wconf 90' lang='lat' dir='ltr'>quibus</span> <span class='ocrx_word' id='word_1_18' title='bbox 1030 761 1307 827; x_wconf 79' lang='lat' dir='ltr'>libenter</span> <span class='ocrx_word' id='word_1_19' title='bbox 1336 763 1643 851; x_wconf 76' lang='lat' dir='ltr'>equidem</span> <span class='ocrx_word' id='word_1_20' title='bbox 1671 763 2100 828; x_wconf 90' lang='lat' dir='ltr'>adnumerem</span> <span class='ocrx_word' id='word_1_21' title='bbox 2129 765 2409 829; x_wconf 90' lang='lat' dir='ltr'>ionicum</span> <span class='ocrx_word' id='word_1_22' title='bbox 2438 766 2597 831; x_wconf 89' lang='lat' dir='ltr'>illud</span> <span class='ocrx_word' id='word_1_23' title='bbox 2623 769 2927 825; x_wconf 80' lang='grc' dir='ltr'>ἐπίστασθαι</span> 
     </span>
     <span class='ocr_line' id='line_1_4' title="bbox 456 861 2926 945; baseline 0.002 -19"><span class='ocrx_word' id='word_1_24' title='bbox 456 861 517 945; x_wconf 75' lang='lat'>2,</span> <span class='ocrx_word' id='word_1_25' title='bbox 537 864 606 939; x_wconf 77' lang='lat'>53</span> <span class='ocrx_word' id='word_1_26' title='bbox 652 862 708 941; x_wconf 74' lang='lat'>4,</span> <span class='ocrx_word' id='word_1_27' title='bbox 736 862 806 939; x_wconf 66' lang='lat'>23</span> <span class='ocrx_word' id='word_1_28' title='bbox 835 881 991 926; x_wconf 89' lang='lat' dir='ltr'>nam</span> <span class='ocrx_word' id='word_1_29' title='bbox 1023 861 1142 925; x_wconf 90' lang='lat' dir='ltr'>etsi</span> <span class='ocrx_word' id='word_1_30' title='bbox 1174 880 1252 925; x_wconf 88' lang='lat' dir='ltr'>eo</span> <span class='ocrx_word' id='word_1_31' title='bbox 1282 865 1578 944; x_wconf 88' lang='lat' dir='ltr'>tempore</span> <span class='ocrx_word' id='word_1_32' title='bbox 1609 882 1738 945; x_wconf 91' lang='lat' dir='ltr'>quo</span> <span class='ocrx_word' id='word_1_33' title='bbox 1769 863 1872 928; x_wconf 92' lang='lat' dir='ltr'>hic</span> <span class='ocrx_word' id='word_1_34' title='bbox 1904 863 2176 945; x_wconf 75' lang='lat' dir='ltr'>scriptor</span> <span class='ocrx_word' id='word_1_35' title='bbox 2207 863 2326 929; x_wconf 89' lang='lat' dir='ltr'>fuit</span> <span class='ocrx_word' id='word_1_36' title='bbox 2345 865 2525 929; x_wconf 91' lang='lat' dir='ltr'>haud</span> <span class='ocrx_word' id='word_1_37' title='bbox 2554 862 2926 930; x_wconf 83' lang='lat' dir='ltr'>incredibile</span> 
     </span>
     <span class='ocr_line' id='line_1_5' title="bbox 456 960 2928 1045; baseline 0.001 -19"><span class='ocrx_word' id='word_1_38' title='bbox 456 964 554 1026; x_wconf 85' lang='lat' dir='ltr'>est</span> <span class='ocrx_word' id='word_1_39' title='bbox 596 961 992 1044; x_wconf 82' lang='lat' dir='ltr'>superfuisse</span> <span class='ocrx_word' id='word_1_40' title='bbox 1040 964 1337 1026; x_wconf 89' lang='lat' dir='ltr'>ueterum</span> <span class='ocrx_word' id='word_1_41' title='bbox 1368 960 1793 1027; x_wconf 89' lang='lat' dir='ltr'>dialectorum</span> <span class='ocrx_word' id='word_1_42' title='bbox 1835 962 2143 1045; x_wconf 82' lang='lat' dir='ltr'>reliquias</span> <span class='ocrx_word' id='word_1_43' title='bbox 2173 968 2286 1027; x_wconf 84' lang='lat' dir='ltr'>aut</span> <span class='ocrx_word' id='word_1_44' title='bbox 2328 983 2652 1028; x_wconf 90' lang='lat' dir='ltr'>nouarum</span> <span class='ocrx_word' id='word_1_45' title='bbox 2676 965 2928 1029; x_wconf 88' lang='lat' dir='ltr'>semina</span> 
     </span>
     <span class='ocr_line' id='line_1_6' title="bbox 459 1059 2927 1144; baseline 0.001 -19"><span class='ocrx_word' id='word_1_46' title='bbox 459 1060 790 1144; x_wconf 79' lang='lat' dir='ltr'>quaedam</span> <span class='ocrx_word' id='word_1_47' title='bbox 815 1080 986 1143; x_wconf 89' lang='lat' dir='ltr'>quae</span> <span class='ocrx_word' id='word_1_48' title='bbox 1017 1059 1547 1141; x_wconf 85' lang='lat' dir='ltr'>imprudentibus</span> <span class='ocrx_word' id='word_1_49' title='bbox 1572 1061 1995 1142; x_wconf 81' lang='lat' dir='ltr'>scriptoribus</span> <span class='ocrx_word' id='word_1_50' title='bbox 2025 1061 2092 1124; x_wconf 90' lang='lat' dir='ltr'>in</span> <span class='ocrx_word' id='word_1_51' title='bbox 2113 1062 2290 1142; x_wconf 89' lang='lat' dir='ltr'>ipsos</span> <span class='ocrx_word' id='word_1_52' title='bbox 2319 1063 2517 1127; x_wconf 90' lang='lat' dir='ltr'>libros</span> <span class='ocrx_word' id='word_1_53' title='bbox 2549 1063 2927 1144; x_wconf 87' lang='lat' dir='ltr'>irreperent,</span> 
     </span>
     <span class='ocr_line' id='line_1_7' title="bbox 456 1158 2927 1242; baseline 0.001 -19"><span class='ocrx_word' id='word_1_54' title='bbox 456 1178 598 1223; x_wconf 92' lang='lat' dir='ltr'>non</span> <span class='ocrx_word' id='word_1_55' title='bbox 628 1162 853 1223; x_wconf 90' lang='lat' dir='ltr'>tamen</span> <span class='ocrx_word' id='word_1_56' title='bbox 883 1158 1028 1223; x_wconf 87' lang='lat' dir='ltr'>licet</span> <span class='ocrx_word' id='word_1_57' title='bbox 1073 1159 1539 1241; x_wconf 80' lang='lat' dir='ltr'>aspirationem</span> <span class='ocrx_word' id='word_1_58' title='bbox 1564 1159 1930 1241; x_wconf 82' lang='lat' dir='ltr'>neglectam</span> <span class='ocrx_word' id='word_1_59' title='bbox 1962 1164 2074 1223; x_wconf 84' lang='lat' dir='ltr'>aut</span> <span class='ocrx_word' id='word_1_60' title='bbox 2096 1160 2283 1242; x_wconf 90' lang='lat' dir='ltr'>siqua</span> <span class='ocrx_word' id='word_1_61' title='bbox 2324 1161 2453 1225; x_wconf 89' lang='lat' dir='ltr'>alia</span> <span class='ocrx_word' id='word_1_62' title='bbox 2481 1162 2642 1226; x_wconf 89' lang='lat' dir='ltr'>uitia</span> <span class='ocrx_word' id='word_1_63' title='bbox 2663 1162 2732 1225; x_wconf 95' lang='lat' dir='ltr'>in</span> <span class='ocrx_word' id='word_1_64' title='bbox 2758 1161 2927 1226; x_wconf 88' lang='lat' dir='ltr'>illius</span> 
     </span>
     <span class='ocr_line' id='line_1_8' title="bbox 461 1257 2930 1343; baseline 0.001 -21"><span class='ocrx_word' id='word_1_65' title='bbox 461 1276 764 1323; x_wconf 87' lang='lat' dir='ltr'>sermone</span> <span class='ocrx_word' id='word_1_66' title='bbox 790 1258 1247 1339; x_wconf 89' lang='lat' dir='ltr'>deprehendas</span> <span class='ocrx_word' id='word_1_67' title='bbox 1269 1257 1589 1341; x_wconf 83' lang='lat' dir='ltr'>Phrygiae</span> <span class='ocrx_word' id='word_1_68' title='bbox 1624 1258 1901 1322; x_wconf 90' lang='lat' dir='ltr'>dialecto</span> <span class='ocrx_word' id='word_1_69' title='bbox 1932 1259 2263 1340; x_wconf 88' lang='lat' dir='ltr'>assignare</span> <span class='ocrx_word' id='word_1_70' title='bbox 2286 1261 2443 1342; x_wconf 93' lang='lat' dir='ltr'>quia</span> <span class='ocrx_word' id='word_1_71' title='bbox 2464 1260 2803 1343; x_wconf 79' lang='lat' dir='ltr'>probabile</span> <span class='ocrx_word' id='word_1_72' title='bbox 2844 1260 2930 1325; x_wconf 81' lang='lat' dir='ltr'>sit</span> 
     </span>
     <span class='ocr_line' id='line_1_9' title="bbox 460 1344 2927 1443; baseline 0.001 -22"><span class='ocrx_word' id='word_1_73' title='bbox 460 1357 554 1421; x_wconf 89' lang='lat' dir='ltr'>rei</span> <span class='ocrx_word' id='word_1_74' title='bbox 576 1357 895 1440; x_wconf 85' lang='lat' dir='ltr'>Phrygiae</span> <span class='ocrx_word' id='word_1_75' title='bbox 925 1361 1335 1422; x_wconf 86' lang='lat' dir='ltr'>narratorem</span> <span class='ocrx_word' id='word_1_76' title='bbox 1363 1357 1562 1422; x_wconf 91' lang='lat' dir='ltr'>fuisse</span> <span class='ocrx_word' id='word_1_77' title='bbox 1586 1344 1929 1441; x_wconf 72' lang='lat' dir='ltr'>Phry&#39;gem.</span> <span class='ocrx_word' id='word_1_78' title='bbox 1960 1378 2095 1422; x_wconf 90' lang='lat' dir='ltr'>non</span> <span class='ocrx_word' id='word_1_79' title='bbox 2119 1359 2301 1422; x_wconf 83' lang='lat' dir='ltr'>enim</span> <span class='ocrx_word' id='word_1_80' title='bbox 2350 1360 2586 1424; x_wconf 90' lang='lat' dir='ltr'>desunt</span> <span class='ocrx_word' id='word_1_81' title='bbox 2628 1379 2798 1443; x_wconf 89' lang='lat' dir='ltr'>quae</span> <span class='ocrx_word' id='word_1_82' title='bbox 2842 1359 2927 1424; x_wconf 88' lang='lat' dir='ltr'>ab</span> 
     </span>
     <span class='ocr_line' id='line_1_10' title="bbox 461 1455 3012 1540; baseline 0.001 -20"><span class='ocrx_word' id='word_1_83' title='bbox 461 1455 722 1521; x_wconf 88' lang='lat' dir='ltr'>aduena</span> <span class='ocrx_word' id='word_1_84' title='bbox 767 1456 1139 1538; x_wconf 85' lang='lat' dir='ltr'>archangeli</span> <span class='ocrx_word' id='word_1_85' title='bbox 1178 1456 1424 1521; x_wconf 90' lang='lat' dir='ltr'>cultore</span> <span class='ocrx_word' id='word_1_86' title='bbox 1475 1456 1713 1520; x_wconf 89' lang='lat' dir='ltr'>librum</span> <span class='ocrx_word' id='word_1_87' title='bbox 1753 1457 1835 1520; x_wconf 92' lang='lat' dir='ltr'>de</span> <span class='ocrx_word' id='word_1_88' title='bbox 1885 1458 2196 1522; x_wconf 90' lang='lat' dir='ltr'>miraculo</span> <span class='ocrx_word' id='word_1_89' title='bbox 2253 1458 2389 1522; x_wconf 89' lang='lat' dir='ltr'>eius</span> <span class='ocrx_word' id='word_1_90' title='bbox 2431 1461 2741 1540; x_wconf 90' lang='lat' dir='ltr'>scriptum</span> <span class='ocrx_word' id='word_1_91' title='bbox 2784 1478 2927 1523; x_wconf 88' lang='lat' dir='ltr'>esse</span> <span class='ocrx_word' id='word_1_92' title='bbox 3007 1458 3012 1464; x_wconf 86' lang='grc'><strong>’</strong></span> 
     </span>
     <span class='ocr_line' id='line_1_11' title="bbox 464 1554 1973 1638; baseline 0.001 -19"><span class='ocrx_word' id='word_1_93' title='bbox 464 1554 854 1636; x_wconf 82' lang='lat' dir='ltr'>significent3</span> <span class='ocrx_word' id='word_1_94' title='bbox 889 1555 1033 1638; x_wconf 90' lang='lat' dir='ltr'>quis</span> <span class='ocrx_word' id='word_1_95' title='bbox 1065 1558 1179 1620; x_wconf 89' lang='lat' dir='ltr'>aut</span> <span class='ocrx_word' id='word_1_96' title='bbox 1208 1555 1384 1619; x_wconf 90' lang='lat' dir='ltr'>cuias</span> <span class='ocrx_word' id='word_1_97' title='bbox 1408 1555 1602 1619; x_wconf 88' lang='lat' dir='ltr'>fuerit</span> <span class='ocrx_word' id='word_1_98' title='bbox 1629 1556 1973 1620; x_wconf 79' lang='lat' dir='ltr'>nescimus,</span> 
     </span>
    </p>

    <p class='ocr_par' dir='ltr' id='par_1_3' title="bbox 460 1654 2941 2922">
     <span class='ocr_line' id='line_1_12' title="bbox 545 1654 2930 1739; baseline 0.002 -22"><span class='ocrx_word' id='word_1_99' title='bbox 545 1654 788 1719; x_wconf 87' lang='lat' dir='ltr'>Eorum</span> <span class='ocrx_word' id='word_1_100' title='bbox 843 1674 1013 1736; x_wconf 86' lang='lat' dir='ltr'>quae</span> <span class='ocrx_word' id='word_1_101' title='bbox 1066 1655 1329 1719; x_wconf 86' lang='lat' dir='ltr'>laudaui</span> <span class='ocrx_word' id='word_1_102' title='bbox 1378 1672 1512 1719; x_wconf 92' lang='lat' dir='ltr'>non</span> <span class='ocrx_word' id='word_1_103' title='bbox 1564 1658 1665 1718; x_wconf 86' lang='lat' dir='ltr'>est</span> <span class='ocrx_word' id='word_1_104' title='bbox 1713 1659 1850 1719; x_wconf 89' lang='lat' dir='ltr'>tam</span> <span class='ocrx_word' id='word_1_105' title='bbox 1904 1656 2108 1721; x_wconf 89' lang='lat' dir='ltr'>facilis</span> <span class='ocrx_word' id='word_1_106' title='bbox 2154 1657 2576 1734; x_wconf 85' lang='lat' dir='ltr'>enumeratio,</span> <span class='ocrx_word' id='word_1_107' title='bbox 2618 1658 2930 1739; x_wconf 88' lang='lat' dir='ltr'>quoniam</span> 
     </span>
     <span class='ocr_line' id='line_1_13' title="bbox 460 1752 2930 1838; baseline 0.002 -23"><span class='ocrx_word' id='word_1_108' title='bbox 460 1752 676 1833; x_wconf 89' lang='lat' dir='ltr'>ipsam</span> <span class='ocrx_word' id='word_1_109' title='bbox 705 1753 883 1816; x_wconf 91' lang='lat' dir='ltr'>illam</span> <span class='ocrx_word' id='word_1_110' title='bbox 928 1754 1358 1818; x_wconf 84' lang='lat' dir='ltr'>rusticitatem</span> <span class='ocrx_word' id='word_1_111' title='bbox 1402 1754 1535 1817; x_wconf 84' lang='lat' dir='ltr'>dixi</span> <span class='ocrx_word' id='word_1_112' title='bbox 1579 1753 1827 1836; x_wconf 88' lang='lat' dir='ltr'>aliquid</span> <span class='ocrx_word' id='word_1_113' title='bbox 1869 1754 2115 1819; x_wconf 91' lang='lat' dir='ltr'>habere</span> <span class='ocrx_word' id='word_1_114' title='bbox 2160 1755 2505 1820; x_wconf 88' lang='lat' dir='ltr'>suauitatis</span> <span class='ocrx_word' id='word_1_115' title='bbox 2550 1774 2751 1838; x_wconf 90' lang='lat' dir='ltr'>quam</span> <span class='ocrx_word' id='word_1_116' title='bbox 2800 1757 2930 1820; x_wconf 91' lang='lat' dir='ltr'>huc</span> 
     </span>
     <span class='ocr_line' id='line_1_14' title="bbox 462 1852 2933 1936; baseline 0.001 -20"><span class='ocrx_word' id='word_1_117' title='bbox 462 1871 674 1934; x_wconf 90' lang='lat' dir='ltr'>usque</span> <span class='ocrx_word' id='word_1_118' title='bbox 693 1855 1073 1933; x_wconf 90' lang='lat' dir='ltr'>persecutus</span> <span class='ocrx_word' id='word_1_119' title='bbox 1097 1872 1262 1916; x_wconf 91' lang='lat' dir='ltr'>sum.</span> <span class='ocrx_word' id='word_1_120' title='bbox 1274 1871 1406 1916; x_wconf 92' lang='lat' dir='ltr'>non</span> <span class='ocrx_word' id='word_1_121' title='bbox 1433 1852 1606 1916; x_wconf 85' lang='lat' dir='ltr'>enirn</span> <span class='ocrx_word' id='word_1_122' title='bbox 1632 1853 1906 1916; x_wconf 88' lang='lat' dir='ltr'>dedecet</span> <span class='ocrx_word' id='word_1_123' title='bbox 1929 1854 2091 1918; x_wconf 89' lang='lat' dir='ltr'>haec</span> <span class='ocrx_word' id='word_1_124' title='bbox 2115 1873 2262 1917; x_wconf 89' lang='lat' dir='ltr'>eam</span> <span class='ocrx_word' id='word_1_125' title='bbox 2286 1874 2486 1936; x_wconf 87' lang='lat' dir='ltr'>quam</span> <span class='ocrx_word' id='word_1_126' title='bbox 2512 1875 2617 1919; x_wconf 91' lang='lat' dir='ltr'>res</span> <span class='ocrx_word' id='word_1_127' title='bbox 2645 1855 2933 1936; x_wconf 88' lang='lat' dir='ltr'>postulat</span> 
     </span>
     <span class='ocr_line' id='line_1_15' title="bbox 464 1950 2934 2034; baseline 0.002 -21"><span class='ocrx_word' id='word_1_128' title='bbox 464 1950 911 2015; x_wconf 85' lang='lat' dir='ltr'>credulitatem</span> <span class='ocrx_word' id='word_1_129' title='bbox 948 1954 1013 2014; x_wconf 85' lang='lat' dir='ltr'>et</span> <span class='ocrx_word' id='word_1_130' title='bbox 1043 1951 1241 2014; x_wconf 89' lang='lat' dir='ltr'>animi</span> <span class='ocrx_word' id='word_1_131' title='bbox 1280 1953 1350 2015; x_wconf 90' lang='lat' dir='ltr'>ut</span> <span class='ocrx_word' id='word_1_132' title='bbox 1386 1951 1480 2015; x_wconf 85' lang='lat' dir='ltr'>ita</span> <span class='ocrx_word' id='word_1_133' title='bbox 1524 1951 1738 2016; x_wconf 89' lang='lat' dir='ltr'>dicam</span> <span class='ocrx_word' id='word_1_134' title='bbox 1768 1951 2138 2023; x_wconf 87' lang='lat' dir='ltr'>candorem.</span> <span class='ocrx_word' id='word_1_135' title='bbox 2176 1952 2418 2034; x_wconf 89' lang='lat' dir='ltr'>quippe</span> <span class='ocrx_word' id='word_1_136' title='bbox 2466 1953 2730 2017; x_wconf 91' lang='lat' dir='ltr'>auribus</span> <span class='ocrx_word' id='word_1_137' title='bbox 2777 1952 2934 2018; x_wconf 87' lang='lat' dir='ltr'>talia</span> 
     </span>
     <span class='ocr_line' id='line_1_16' title="bbox 461 2049 2933 2133; baseline 0.002 -22"><span class='ocrx_word' id='word_1_138' title='bbox 461 2067 595 2112; x_wconf 92' lang='lat' dir='ltr'>non</span> <span class='ocrx_word' id='word_1_139' title='bbox 626 2049 832 2114; x_wconf 85' lang='lat' dir='ltr'>doctis</span> <span class='ocrx_word' id='word_1_140' title='bbox 879 2053 946 2114; x_wconf 85' lang='lat' dir='ltr'>et</span> <span class='ocrx_word' id='word_1_141' title='bbox 991 2049 1284 2114; x_wconf 90' lang='lat' dir='ltr'>delicatis</span> <span class='ocrx_word' id='word_1_142' title='bbox 1334 2050 1586 2114; x_wconf 91' lang='lat' dir='ltr'>narrari</span> <span class='ocrx_word' id='word_1_143' title='bbox 1630 2049 1868 2115; x_wconf 87' lang='lat' dir='ltr'>debent</span> <span class='ocrx_word' id='word_1_144' title='bbox 1917 2050 2035 2114; x_wconf 92' lang='lat' dir='ltr'>sed</span> <span class='ocrx_word' id='word_1_145' title='bbox 2071 2051 2343 2114; x_wconf 90' lang='lat' dir='ltr'>rudibus</span> <span class='ocrx_word' id='word_1_146' title='bbox 2383 2054 2447 2114; x_wconf 89' lang='lat' dir='ltr'>et</span> <span class='ocrx_word' id='word_1_147' title='bbox 2475 2050 2722 2132; x_wconf 91' lang='lat' dir='ltr'>plebeis</span> <span class='ocrx_word' id='word_1_148' title='bbox 2763 2070 2933 2133; x_wconf 89' lang='lat' dir='ltr'>quae</span> 
     </span>
     <span class='ocr_line' id='line_1_17' title="bbox 463 2148 2936 2231; baseline 0.001 -20"><span class='ocrx_word' id='word_1_149' title='bbox 463 2167 764 2212; x_wconf 92' lang='lat' dir='ltr'>sermone</span> <span class='ocrx_word' id='word_1_150' title='bbox 796 2149 1077 2230; x_wconf 86' lang='lat' dir='ltr'>eleganti</span> <span class='ocrx_word' id='word_1_151' title='bbox 1107 2153 1174 2212; x_wconf 86' lang='lat' dir='ltr'>et</span> <span class='ocrx_word' id='word_1_152' title='bbox 1215 2149 1470 2213; x_wconf 86' lang='lat' dir='ltr'>urbano</span> <span class='ocrx_word' id='word_1_153' title='bbox 1511 2149 1718 2230; x_wconf 89' lang='lat' dir='ltr'>magis</span> <span class='ocrx_word' id='word_1_154' title='bbox 1761 2148 2176 2214; x_wconf 86' lang='lat' dir='ltr'>offendantur</span> <span class='ocrx_word' id='word_1_155' title='bbox 2219 2169 2416 2231; x_wconf 93' lang='lat' dir='ltr'>quam</span> <span class='ocrx_word' id='word_1_156' title='bbox 2448 2151 2771 2214; x_wconf 87' lang='lat' dir='ltr'>iuuentur.</span> <span class='ocrx_word' id='word_1_157' title='bbox 2810 2149 2936 2214; x_wconf 89' lang='lat' dir='ltr'>hoc</span> 
     </span>
     <span class='ocr_line' id='line_1_18' title="bbox 462 2245 2937 2329; baseline 0.001 -21"><span class='ocrx_word' id='word_1_158' title='bbox 462 2249 688 2309; x_wconf 86' lang='lat' dir='ltr'>autem</span> <span class='ocrx_word' id='word_1_159' title='bbox 736 2245 846 2328; x_wconf 89' lang='lat' dir='ltr'>qui</span> <span class='ocrx_word' id='word_1_160' title='bbox 890 2246 1274 2311; x_wconf 81' lang='lat' dir='ltr'>intellexerit</span> <span class='ocrx_word' id='word_1_161' title='bbox 1318 2246 1372 2309; x_wconf 93' lang='lat' dir='ltr'>is</span> <span class='ocrx_word' id='word_1_162' title='bbox 1420 2245 1724 2327; x_wconf 89' lang='lat' dir='ltr'>quamuis</span> <span class='ocrx_word' id='word_1_163' title='bbox 1751 2245 1894 2328; x_wconf 91' lang='lat' dir='ltr'>ipse</span> <span class='ocrx_word' id='word_1_164' title='bbox 1924 2246 2217 2311; x_wconf 86' lang='lat' dir='ltr'>eruditus</span> <span class='ocrx_word' id='word_1_165' title='bbox 2247 2247 2349 2324; x_wconf 81' lang='lat' dir='ltr'>sit,</span> <span class='ocrx_word' id='word_1_166' title='bbox 2379 2250 2579 2329; x_wconf 90' lang='lat' dir='ltr'>atque</span> <span class='ocrx_word' id='word_1_167' title='bbox 2621 2266 2698 2311; x_wconf 91' lang='lat' dir='ltr'>eo</span> <span class='ocrx_word' id='word_1_168' title='bbox 2741 2247 2937 2311; x_wconf 88' lang='lat' dir='ltr'>etiam</span> 
     </span>
     <span class='ocr_line' id='line_1_19' title="bbox 462 2345 2937 2426; baseline 0.002 -20"><span class='ocrx_word' id='word_1_169' title='bbox 462 2346 691 2426; x_wconf 85' lang='lat' dir='ltr'>magis,</span> <span class='ocrx_word' id='word_1_170' title='bbox 748 2346 1270 2410; x_wconf 88' lang='lat' dir='ltr'>conuenientiam</span> <span class='ocrx_word' id='word_1_171' title='bbox 1321 2365 1537 2408; x_wconf 89' lang='lat' dir='ltr'>rerum</span> <span class='ocrx_word' id='word_1_172' title='bbox 1592 2348 1655 2409; x_wconf 91' lang='lat' dir='ltr'>et</span> <span class='ocrx_word' id='word_1_173' title='bbox 1697 2345 2016 2409; x_wconf 91' lang='lat' dir='ltr'>sermonis</span> <span class='ocrx_word' id='word_1_174' title='bbox 2059 2347 2364 2426; x_wconf 88' lang='lat' dir='ltr'>probabit</span> <span class='ocrx_word' id='word_1_175' title='bbox 2406 2351 2471 2410; x_wconf 86' lang='lat' dir='ltr'>et</span> <span class='ocrx_word' id='word_1_176' title='bbox 2511 2345 2937 2410; x_wconf 82' lang='lat' dir='ltr'>delectabitur</span> 
     </span>
     <span class='ocr_line' id='line_1_20' title="bbox 471 2443 2937 2526; baseline 0.001 -20"><span class='ocrx_word' id='word_1_177' title='bbox 471 2443 706 2507; x_wconf 86' lang='lat' dir='ltr'>eadem</span> <span class='ocrx_word' id='word_1_178' title='bbox 736 2444 1098 2508; x_wconf 88' lang='lat' dir='ltr'>rusticitate</span> <span class='ocrx_word' id='word_1_179' title='bbox 1128 2445 1445 2509; x_wconf 90' lang='lat' dir='ltr'>sermonis</span> <span class='ocrx_word' id='word_1_180' title='bbox 1477 2464 1675 2526; x_wconf 91' lang='lat' dir='ltr'>quam</span> <span class='ocrx_word' id='word_1_181' title='bbox 1705 2444 1771 2507; x_wconf 92' lang='lat' dir='ltr'>in</span> <span class='ocrx_word' id='word_1_182' title='bbox 1800 2463 1872 2507; x_wconf 92' lang='lat' dir='ltr'>re</span> <span class='ocrx_word' id='word_1_183' title='bbox 1902 2462 2024 2507; x_wconf 83' lang='lat' dir='ltr'>suo</span> <span class='ocrx_word' id='word_1_184' title='bbox 2053 2444 2309 2525; x_wconf 89' lang='lat' dir='ltr'>ingenio</span> <span class='ocrx_word' id='word_1_185' title='bbox 2339 2449 2400 2509; x_wconf 90' lang='lat' dir='ltr'>et</span> <span class='ocrx_word' id='word_1_186' title='bbox 2424 2445 2758 2509; x_wconf 89' lang='lat' dir='ltr'>doctrinae</span> <span class='ocrx_word' id='word_1_187' title='bbox 2778 2463 2937 2509; x_wconf 87' lang='lat' dir='ltr'>suae</span> 
     </span>
     <span class='ocr_line' id='line_1_21' title="bbox 466 2542 2939 2625; baseline 0 -19"><span class='ocrx_word' id='word_1_188' title='bbox 466 2543 964 2606; x_wconf 86' lang='lat' dir='ltr'>accommodata</span> <span class='ocrx_word' id='word_1_189' title='bbox 1004 2543 1349 2607; x_wconf 87' lang='lat' dir='ltr'>damnaret</span> <span class='ocrx_word' id='word_1_190' title='bbox 1393 2546 1458 2607; x_wconf 91' lang='lat' dir='ltr'>et</span> <span class='ocrx_word' id='word_1_191' title='bbox 1500 2544 1976 2624; x_wconf 86' lang='lat' dir='ltr'>aspernaretur.</span> <span class='ocrx_word' id='word_1_192' title='bbox 2024 2542 2141 2605; x_wconf 91' lang='lat' dir='ltr'>sed</span> <span class='ocrx_word' id='word_1_193' title='bbox 2187 2545 2341 2606; x_wconf 91' lang='lat' dir='ltr'>sunt</span> <span class='ocrx_word' id='word_1_194' title='bbox 2377 2546 2599 2607; x_wconf 91' lang='lat' dir='ltr'>tamen</span> <span class='ocrx_word' id='word_1_195' title='bbox 2628 2543 2751 2607; x_wconf 87' lang='lat' dir='ltr'>loci</span> <span class='ocrx_word' id='word_1_196' title='bbox 2796 2542 2939 2625; x_wconf 87' lang='lat' dir='ltr'>qui-</span> 
     </span>
     <span class='ocr_line' id='line_1_22' title="bbox 468 2639 2941 2724; baseline 0.001 -20"><span class='ocrx_word' id='word_1_197' title='bbox 468 2639 624 2705; x_wconf 90' lang='lat' dir='ltr'>dam</span> <span class='ocrx_word' id='word_1_198' title='bbox 654 2641 723 2704; x_wconf 91' lang='lat' dir='ltr'>in</span> <span class='ocrx_word' id='word_1_199' title='bbox 753 2641 991 2723; x_wconf 89' lang='lat' dir='ltr'>quibus</span> <span class='ocrx_word' id='word_1_200' title='bbox 1021 2661 1170 2705; x_wconf 90' lang='lat' dir='ltr'>cum</span> <span class='ocrx_word' id='word_1_201' title='bbox 1202 2661 1273 2705; x_wconf 91' lang='lat' dir='ltr'>se</span> <span class='ocrx_word' id='word_1_202' title='bbox 1316 2642 1503 2724; x_wconf 89' lang='lat' dir='ltr'>quasi</span> <span class='ocrx_word' id='word_1_203' title='bbox 1547 2641 1751 2722; x_wconf 89' lang='lat' dir='ltr'>erigat</span> <span class='ocrx_word' id='word_1_204' title='bbox 1794 2641 2002 2704; x_wconf 90' lang='lat' dir='ltr'>oratio</span> <span class='ocrx_word' id='word_1_205' title='bbox 2033 2645 2099 2705; x_wconf 90' lang='lat' dir='ltr'>et</span> <span class='ocrx_word' id='word_1_206' title='bbox 2140 2644 2449 2722; x_wconf 84' lang='lat' dir='ltr'>exsurgat</span> <span class='ocrx_word' id='word_1_207' title='bbox 2488 2642 2645 2706; x_wconf 88' lang='lat' dir='ltr'>satis</span> <span class='ocrx_word' id='word_1_208' title='bbox 2662 2641 2941 2706; x_wconf 85' lang='lat' dir='ltr'>-feliciter</span> 
     </span>
     <span class='ocr_line' id='line_1_23' title="bbox 466 2739 2941 2823; baseline 0 -21"><span class='ocrx_word' id='word_1_209' title='bbox 466 2739 572 2803; x_wconf 90' lang='lat' dir='ltr'>ille</span> <span class='ocrx_word' id='word_1_210' title='bbox 600 2760 738 2804; x_wconf 91' lang='lat' dir='ltr'>rem</span> <span class='ocrx_word' id='word_1_211' title='bbox 768 2741 1236 2806; x_wconf 83' lang='lat' dir='ltr'>administrarit</span> <span class='ocrx_word' id='word_1_212' title='bbox 1279 2744 1345 2803; x_wconf 89' lang='lat' dir='ltr'>et</span> <span class='ocrx_word' id='word_1_213' title='bbox 1389 2760 1537 2804; x_wconf 90' lang='lat' dir='ltr'>cum</span> <span class='ocrx_word' id='word_1_214' title='bbox 1579 2740 2003 2821; x_wconf 89' lang='lat' dir='ltr'>scriptoribus</span> <span class='ocrx_word' id='word_1_215' title='bbox 2045 2760 2177 2805; x_wconf 92' lang='lat' dir='ltr'>non</span> <span class='ocrx_word' id='word_1_216' title='bbox 2221 2740 2344 2804; x_wconf 90' lang='lat' dir='ltr'>illis</span> <span class='ocrx_word' id='word_1_217' title='bbox 2387 2740 2652 2823; x_wconf 91' lang='lat' dir='ltr'>quidem</span> <span class='ocrx_word' id='word_1_218' title='bbox 2680 2739 2941 2822; x_wconf 86' lang='lat' dir='ltr'>optimis</span> 
     </span>
     <span class='ocr_line' id='line_1_24' title="bbox 470 2838 2941 2922; baseline -0 -19"><span class='ocrx_word' id='word_1_219' title='bbox 470 2840 590 2904; x_wconf 90' lang='lat' dir='ltr'>sed</span> <span class='ocrx_word' id='word_1_220' title='bbox 615 2841 1049 2905; x_wconf 90' lang='lat' dir='ltr'>mediocribus</span> <span class='ocrx_word' id='word_1_221' title='bbox 1093 2860 1226 2905; x_wconf 90' lang='lat' dir='ltr'>non</span> <span class='ocrx_word' id='word_1_222' title='bbox 1272 2840 1413 2904; x_wconf 90' lang='lat' dir='ltr'>sine</span> <span class='ocrx_word' id='word_1_223' title='bbox 1453 2841 1670 2922; x_wconf 90' lang='lat' dir='ltr'>aliqua</span> <span class='ocrx_word' id='word_1_224' title='bbox 1700 2860 1817 2922; x_wconf 90' lang='lat' dir='ltr'>spe</span> <span class='ocrx_word' id='word_1_225' title='bbox 1843 2843 2076 2915; x_wconf 86' lang='lat' dir='ltr'>ueniae</span> <span class='ocrx_word' id='word_1_226' title='bbox 2106 2841 2499 2905; x_wconf 89' lang='lat' dir='ltr'>contendere</span> <span class='ocrx_word' id='word_1_227' title='bbox 2527 2839 2753 2922; x_wconf 86' lang='lat' dir='ltr'>possit.</span> <span class='ocrx_word' id='word_1_228' title='bbox 2783 2838 2941 2903; x_wconf 86' lang='lat' dir='ltr'>satis</span> 
     </span>
    </p>
   </div>
   <div class='ocr_carea' id='block_1_3' title="bbox 470 2939 2945 3119">
    <p class='ocr_par' dir='ltr' id='par_1_4' title="bbox 470 2939 2945 3119">
     <span class='ocr_line' id='line_1_25' title="bbox 470 2939 2944 3023; baseline -0.002 -21"><span class='ocrx_word' id='word_1_229' title='bbox 470 2942 623 3020; x_wconf 90' lang='lat' dir='ltr'>apte</span> <span class='ocrx_word' id='word_1_230' title='bbox 650 2958 1135 3022; x_wconf 88' lang='lat' dir='ltr'>numeroseque</span> <span class='ocrx_word' id='word_1_231' title='bbox 1162 2942 1327 3005; x_wconf 89' lang='lat' dir='ltr'>haec</span> <span class='ocrx_word' id='word_1_232' title='bbox 1369 2940 1543 3004; x_wconf 90' lang='lat' dir='ltr'>dicta</span> <span class='ocrx_word' id='word_1_233' title='bbox 1572 2943 1725 3004; x_wconf 89' lang='lat' dir='ltr'>sunt</span> <span class='ocrx_word' id='word_1_234' title='bbox 1760 2940 1854 3019; x_wconf 77' lang='lat'>14,</span> <span class='ocrx_word' id='word_1_235' title='bbox 1886 2941 1926 3004; x_wconf 83' lang='lat'>9</span> <span class='ocrx_word' id='word_1_236' title='bbox 1970 2950 2080 3005; x_wconf 69' lang='grc' dir='ltr'>τοῖς</span> <span class='ocrx_word' id='word_1_237' title='bbox 2129 2940 2378 3021; x_wconf 82' lang='grc' dir='ltr'>δάκρυσιν</span> <span class='ocrx_word' id='word_1_238' title='bbox 2427 2942 2651 3023; x_wconf 78' lang='grc' dir='ltr'>βρέχων,</span> <span class='ocrx_word' id='word_1_239' title='bbox 2666 2944 2730 2998; x_wconf 80' lang='grc' dir='ltr'>τὸ</span> <span class='ocrx_word' id='word_1_240' title='bbox 2752 2939 2944 3020; x_wconf 69' lang='grc' dir='ltr'>ἔδαφος</span> 
     </span>
     <span class='ocr_line' id='line_1_26' title="bbox 473 3033 2945 3119; baseline -0.001 -24"><span class='ocrx_word' id='word_1_241' title='bbox 473 3042 564 3095; x_wconf 79' lang='grc' dir='ltr'>καὶ</span> <span class='ocrx_word' id='word_1_242' title='bbox 587 3039 1014 3102; x_wconf 76' lang='grc' dir='ltr'>ἀκαταπαύστως</span> <span class='ocrx_word' id='word_1_243' title='bbox 1043 3044 1135 3097; x_wconf 83' lang='grc' dir='ltr'>τὸν</span> <span class='ocrx_word' id='word_1_244' title='bbox 1165 3042 1280 3097; x_wconf 85' lang='grc' dir='ltr'>θεὸν</span> <span class='ocrx_word' id='word_1_245' title='bbox 1331 3038 1778 3118; x_wconf 83' lang='grc' dir='ltr'>ἐπικαλούμενος;</span> <span class='ocrx_word' id='word_1_246' title='bbox 1840 3039 1933 3116; x_wconf 87' lang='grc'>16,</span> <span class='ocrx_word' id='word_1_247' title='bbox 1963 3038 2004 3101; x_wconf 84' lang='grc'>8</span> <span class='ocrx_word' id='word_1_248' title='bbox 2032 3042 2129 3110; x_wconf 85' lang='grc' dir='ltr'>τὴν</span> <span class='ocrx_word' id='word_1_249' title='bbox 2160 3040 2397 3119; x_wconf 80' lang='grc' dir='ltr'>φοβερὰν</span> <span class='ocrx_word' id='word_1_250' title='bbox 2437 3040 2526 3096; x_wconf 82' lang='grc' dir='ltr'>καὶ</span> <span class='ocrx_word' id='word_1_251' title='bbox 2556 3033 2945 3118; x_wconf 74' lang='grc' dir='ltr'>,ἀνεξιχνίαστον</span> 
     </span>
    </p>
   </div>
   <div class='ocr_carea' id='block_1_4' title="bbox 471 3131 2947 4508">
    <p class='ocr_par' dir='ltr' id='par_1_5' title="bbox 471 3131 2947 4106">
     <span class='ocr_line' id='line_1_27' title="bbox 474 3131 2944 3219; baseline -0 -26"><span class='ocrx_word' id='word_1_252' title='bbox 474 3131 627 3203; x_wconf 78' lang='grc' dir='ltr'>δόξαν</span> <span class='ocrx_word' id='word_1_253' title='bbox 673 3148 769 3207; x_wconf 81' lang='grc' dir='ltr'>τῆς</span> <span class='ocrx_word' id='word_1_254' title='bbox 814 3139 1065 3207; x_wconf 82' lang='grc' dir='ltr'><strong>θεότητος</strong></span> <span class='ocrx_word' id='word_1_255' title='bbox 1111 3142 1202 3195; x_wconf 83' lang='grc' dir='ltr'>καὶ</span> <span class='ocrx_word' id='word_1_256' title='bbox 1241 3141 1338 3208; x_wconf 83' lang='grc' dir='ltr'>τὴν</span> <span class='ocrx_word' id='word_1_257' title='bbox 1383 3139 1720 3216; x_wconf 79' lang='grc' dir='ltr'>ἀβάστακτον</span> <span class='ocrx_word' id='word_1_258' title='bbox 1763 3136 1939 3219; x_wconf 80' lang='grc' dir='ltr'>φλόγα</span> <span class='ocrx_word' id='word_1_259' title='bbox 1971 3148 2069 3210; x_wconf 79' lang='grc' dir='ltr'>τῆς</span> <span class='ocrx_word' id='word_1_260' title='bbox 2116 3140 2421 3218; x_wconf 77' lang='grc' dir='ltr'>ἀμετρήτου</span> <span class='ocrx_word' id='word_1_261' title='bbox 2462 3136 2811 3214; x_wconf 81' lang='grc' dir='ltr'>δυνάμεως...</span> <span class='ocrx_word' id='word_1_262' title='bbox 2843 3135 2944 3193; x_wconf 72' lang='grc' dir='ltr'>οὐκ</span> 
     </span>
     <span class='ocr_line' id='line_1_28' title="bbox 474 3234 2944 3317; baseline 0 -25"><span class='ocrx_word' id='word_1_263' title='bbox 474 3236 649 3317; x_wconf 75' lang='grc' dir='ltr'>ἰσχύω</span> <span class='ocrx_word' id='word_1_264' title='bbox 671 3239 956 3294; x_wconf 82' lang='grc' dir='ltr'>θεάσασθαι</span> <span class='ocrx_word' id='word_1_265' title='bbox 971 3256 987 3315; x_wconf 85' lang='grc'>;</span> <span class='ocrx_word' id='word_1_266' title='bbox 1004 3255 1139 3299; x_wconf 87' lang='lat' dir='ltr'>non</span> <span class='ocrx_word' id='word_1_267' title='bbox 1162 3235 1446 3317; x_wconf 80' lang='lat' dir='ltr'>inlepide</span> <span class='ocrx_word' id='word_1_268' title='bbox 1467 3235 1630 3300; x_wconf 79' lang='lat' dir='ltr'>haec</span> <span class='ocrx_word' id='word_1_269' title='bbox 1652 3236 1710 3314; x_wconf 86' lang='grc'>6,</span> <span class='ocrx_word' id='word_1_270' title='bbox 1736 3236 1812 3299; x_wconf 91' lang='grc'>10</span> <span class='ocrx_word' id='word_1_271' title='bbox 1835 3234 2053 3304; x_wconf 79' lang='grc' dir='ltr'>ἐξετέλει</span> <span class='ocrx_word' id='word_1_272' title='bbox 2077 3241 2166 3295; x_wconf 86' lang='grc' dir='ltr'>τὸν</span> <span class='ocrx_word' id='word_1_273' title='bbox 2187 3246 2285 3307; x_wconf 80' lang='grc' dir='ltr'>τῆς</span> <span class='ocrx_word' id='word_1_274' title='bbox 2316 3238 2601 3316; x_wconf 84' lang='grc' dir='ltr'>ἀγρυπνίας</span> <span class='ocrx_word' id='word_1_275' title='bbox 2622 3235 2944 3315; x_wconf 79' lang='grc' dir='ltr'>πικρότατον</span> 
     </span>
     <span class='ocr_line' id='line_1_29' title="bbox 475 3333 2943 3419; baseline 0 -29"><span class='ocrx_word' id='word_1_276' title='bbox 475 3334 636 3393; x_wconf 77' lang='grc' dir='ltr'>ὕπνον</span> <span class='ocrx_word' id='word_1_277' title='bbox 652 3354 668 3405; x_wconf 92' lang='grc'>;</span> <span class='ocrx_word' id='word_1_278' title='bbox 687 3334 798 3412; x_wconf 93' lang='grc'>7,7</span> <span class='ocrx_word' id='word_1_279' title='bbox 824 3337 874 3393; x_wconf 81' lang='grc' dir='ltr'>τί</span> <span class='ocrx_word' id='word_1_280' title='bbox 896 3338 997 3415; x_wconf 86' lang='grc' dir='ltr'>γάρ</span> <span class='ocrx_word' id='word_1_281' title='bbox 1024 3358 1115 3413; x_wconf 83' lang='grc' dir='ltr'>μοι</span> <span class='ocrx_word' id='word_1_282' title='bbox 1142 3339 1374 3417; x_wconf 79' lang='grc' dir='ltr'>ὑπάρχει</span> <span class='ocrx_word' id='word_1_283' title='bbox 1393 3341 1456 3393; x_wconf 87' lang='grc' dir='ltr'>τὸ</span> <span class='ocrx_word' id='word_1_284' title='bbox 1479 3335 1700 3406; x_wconf 82' lang='grc' dir='ltr'>πήλινον</span> <span class='ocrx_word' id='word_1_285' title='bbox 1721 3345 1912 3415; x_wconf 82' lang='grc' dir='ltr'><strong>σῶμα;</strong></span> <span class='ocrx_word' id='word_1_286' title='bbox 1941 3335 1998 3412; x_wconf 90' lang='grc'>7,</span> <span class='ocrx_word' id='word_1_287' title='bbox 2028 3335 2102 3398; x_wconf 84' lang='grc'>19</span> <span class='ocrx_word' id='word_1_288' title='bbox 2125 3337 2177 3394; x_wconf 87' lang='grc' dir='ltr'>ἐν</span> <span class='ocrx_word' id='word_1_289' title='bbox 2205 3336 2411 3399; x_wconf 79' lang='grc' dir='ltr'>τούτοις</span> <span class='ocrx_word' id='word_1_290' title='bbox 2433 3333 2889 3419; x_wconf 72' lang='grc' dir='ltr'>αἰχμᾳλωτίζεται</span> <span class='ocrx_word' id='word_1_291' title='bbox 2909 3336 2943 3403; x_wconf 76' lang='grc' dir='ltr'>ἡ</span> 
     </span>
     <span class='ocr_line' id='line_1_30' title="bbox 471 3432 2946 3516; baseline -0.005 -14"><span class='ocrx_word' id='word_1_292' title='bbox 471 3433 692 3501; x_wconf 67' lang='grc' dir='ltr'>τάλαινα</span> <span class='ocrx_word' id='word_1_293' title='bbox 725 3437 909 3516; x_wconf 75' lang='grc' dir='ltr'>ψυχή;</span> <span class='ocrx_word' id='word_1_294' title='bbox 936 3435 1169 3497; x_wconf 89' lang='lat' dir='ltr'>etcum</span> <span class='ocrx_word' id='word_1_295' title='bbox 1202 3433 1491 3515; x_wconf 89' lang='lat' dir='ltr'>quadam</span> <span class='ocrx_word' id='word_1_296' title='bbox 1520 3433 1727 3498; x_wconf 92' lang='lat' dir='ltr'>ironia</span> <span class='ocrx_word' id='word_1_297' title='bbox 1755 3433 1848 3514; x_wconf 91' lang='lat'>18,</span> <span class='ocrx_word' id='word_1_298' title='bbox 1876 3435 1947 3498; x_wconf 91' lang='lat'>17</span> <span class='ocrx_word' id='word_1_299' title='bbox 1980 3437 2030 3494; x_wconf 82' lang='grc' dir='ltr'>οἱ</span> <span class='ocrx_word' id='word_1_300' title='bbox 2059 3435 2115 3493; x_wconf 86' lang='grc' dir='ltr'>δὲ</span> <span class='ocrx_word' id='word_1_301' title='bbox 2145 3437 2329 3516; x_wconf 81' lang='grc' dir='ltr'>ἐχθροὶ</span> <span class='ocrx_word' id='word_1_302' title='bbox 2357 3437 2589 3510; x_wconf 78' lang='grc' dir='ltr'>ἡμῶν...</span> <span class='ocrx_word' id='word_1_303' title='bbox 2609 3432 2946 3502; x_wconf 47' lang='lat' dir='ltr'>Anokome&amp;-</span> 
     </span>
     <span class='ocr_line' id='line_1_31' title="bbox 472 3530 2945 3615; baseline 0.001 -24"><span class='ocrx_word' id='word_1_304' title='bbox 472 3556 648 3591; x_wconf 82' lang='grc' dir='ltr'>τωσαν</span> <span class='ocrx_word' id='word_1_305' title='bbox 679 3535 789 3591; x_wconf 74' lang='grc' dir='ltr'>ἐκεῖ</span> <span class='ocrx_word' id='word_1_306' title='bbox 817 3534 919 3596; x_wconf 79' lang='grc' dir='ltr'>ἕως</span> <span class='ocrx_word' id='word_1_307' title='bbox 944 3534 1005 3590; x_wconf 78' lang='grc' dir='ltr'>ἂν</span> <span class='ocrx_word' id='word_1_308' title='bbox 1027 3536 1079 3592; x_wconf 82' lang='grc' dir='ltr'>οἱ</span> <span class='ocrx_word' id='word_1_309' title='bbox 1124 3540 1362 3610; x_wconf 83' lang='grc' dir='ltr'>ποταμοὶ</span> <span class='ocrx_word' id='word_1_310' title='bbox 1390 3537 1839 3592; x_wconf 81' lang='grc' dir='ltr'>καταποντίσωσιν</span> <span class='ocrx_word' id='word_1_311' title='bbox 1867 3539 1929 3593; x_wconf 85' lang='grc' dir='ltr'>τὸ</span> <span class='ocrx_word' id='word_1_312' title='bbox 1959 3536 2197 3615; x_wconf 74' lang='grc' dir='ltr'>ἀγίασμά</span> <span class='ocrx_word' id='word_1_313' title='bbox 2226 3557 2352 3612; x_wconf 82' lang='grc' dir='ltr'>μου.</span> <span class='ocrx_word' id='word_1_314' title='bbox 2382 3531 2541 3615; x_wconf 84' lang='lat' dir='ltr'>quin</span> <span class='ocrx_word' id='word_1_315' title='bbox 2564 3531 2762 3596; x_wconf 77' lang='lat' dir='ltr'>etiam</span> <span class='ocrx_word' id='word_1_316' title='bbox 2783 3530 2945 3595; x_wconf 68' lang='lat' dir='ltr'>tales</span> 
     </span>
     <span class='ocr_line' id='line_1_32' title="bbox 473 3629 2945 3713; baseline -0.002 -20"><span class='ocrx_word' id='word_1_317' title='bbox 473 3630 741 3695; x_wconf 86' lang='lat' dir='ltr'>facetias</span> <span class='ocrx_word' id='word_1_318' title='bbox 787 3630 1015 3713; x_wconf 89' lang='lat' dir='ltr'>quales</span> <span class='ocrx_word' id='word_1_319' title='bbox 1059 3629 1207 3695; x_wconf 90' lang='lat' dir='ltr'>illae</span> <span class='ocrx_word' id='word_1_320' title='bbox 1253 3634 1403 3696; x_wconf 89' lang='lat' dir='ltr'>sunt</span> <span class='ocrx_word' id='word_1_321' title='bbox 1456 3631 1654 3713; x_wconf 86' lang='lat' dir='ltr'>11,1o</span> <span class='ocrx_word' id='word_1_322' title='bbox 1697 3633 1853 3703; x_wconf 78' lang='grc' dir='ltr'>ἦλθεν</span> <span class='ocrx_word' id='word_1_323' title='bbox 1898 3637 1969 3698; x_wconf 78' lang='grc' dir='ltr'>εἰς</span> <span class='ocrx_word' id='word_1_324' title='bbox 2010 3632 2332 3693; x_wconf 72' lang='grc' dir='ltr'>Λαοδίκειαν</span> <span class='ocrx_word' id='word_1_325' title='bbox 2362 3635 2391 3689; x_wconf 76' lang='grc' dir='ltr'><strong>ὁ</strong></span> <span class='ocrx_word' id='word_1_326' title='bbox 2435 3630 2568 3697; x_wconf 80' lang='grc' dir='ltr'>λαὸς</span> <span class='ocrx_word' id='word_1_327' title='bbox 2604 3641 2701 3703; x_wconf 80' lang='grc' dir='ltr'>τῆς</span> <span class='ocrx_word' id='word_1_328' title='bbox 2740 3630 2945 3695; x_wconf 74' lang='grc' dir='ltr'>ἀδικίας</span> 
     </span>
     <span class='ocr_line' id='line_1_33' title="bbox 472 3723 2947 3813; baseline 0 -19"><span class='ocrx_word' id='word_1_329' title='bbox 472 3732 729 3808; x_wconf 80' lang='lat' dir='ltr'>ueteres</span> <span class='ocrx_word' id='word_1_330' title='bbox 745 3750 877 3793; x_wconf 92' lang='lat' dir='ltr'>non</span> <span class='ocrx_word' id='word_1_331' title='bbox 900 3730 1114 3794; x_wconf 92' lang='lat' dir='ltr'>solum</span> <span class='ocrx_word' id='word_1_332' title='bbox 1137 3723 1448 3813; x_wconf 90' lang='lat' dir='ltr'>aequiore</span> <span class='ocrx_word' id='word_1_333' title='bbox 1472 3730 1693 3794; x_wconf 90' lang='lat' dir='ltr'>animo</span> <span class='ocrx_word' id='word_1_334' title='bbox 1714 3730 1937 3795; x_wconf 86' lang='lat' dir='ltr'>tulisse</span> <span class='ocrx_word' id='word_1_335' title='bbox 1958 3752 2159 3813; x_wconf 90' lang='lat' dir='ltr'>quam</span> <span class='ocrx_word' id='word_1_336' title='bbox 2181 3750 2300 3796; x_wconf 91' lang='lat' dir='ltr'>nos</span> <span class='ocrx_word' id='word_1_337' title='bbox 2323 3730 2592 3796; x_wconf 86' lang='lat' dir='ltr'>ferimus</span> <span class='ocrx_word' id='word_1_338' title='bbox 2615 3729 2731 3794; x_wconf 90' lang='lat' dir='ltr'>sed</span> <span class='ocrx_word' id='word_1_339' title='bbox 2746 3728 2947 3794; x_wconf 86' lang='lat' dir='ltr'>etiam</span> 
     </span>
     <span class='ocr_line' id='line_1_34' title="bbox 473 3827 2944 3913; baseline -0 -20"><span class='ocrx_word' id='word_1_340' title='bbox 473 3829 831 3894; x_wconf 85' lang='lat' dir='ltr'>delectatos</span> <span class='ocrx_word' id='word_1_341' title='bbox 881 3829 973 3893; x_wconf 89' lang='lat' dir='ltr'>eis</span> <span class='ocrx_word' id='word_1_342' title='bbox 1025 3849 1168 3893; x_wconf 90' lang='lat' dir='ltr'>esse</span> <span class='ocrx_word' id='word_1_343' title='bbox 1221 3831 1379 3893; x_wconf 88' lang='lat' dir='ltr'>satis</span> <span class='ocrx_word' id='word_1_344' title='bbox 1438 3832 1710 3894; x_wconf 86' lang='lat' dir='ltr'>constat.</span> <span class='ocrx_word' id='word_1_345' title='bbox 1773 3830 2057 3912; x_wconf 91' lang='lat' dir='ltr'>denique</span> <span class='ocrx_word' id='word_1_346' title='bbox 2114 3851 2150 3895; x_wconf 92' lang='lat' dir='ltr'>e</span> <span class='ocrx_word' id='word_1_347' title='bbox 2207 3830 2443 3913; x_wconf 87' lang='lat' dir='ltr'>bybliis</span> <span class='ocrx_word' id='word_1_348' title='bbox 2491 3829 2673 3893; x_wconf 89' lang='lat' dir='ltr'>haud</span> <span class='ocrx_word' id='word_1_349' title='bbox 2719 3827 2944 3910; x_wconf 81' lang='lat' dir='ltr'>paucis</span> 
     </span>
     <span class='ocr_line' id='line_1_35' title="bbox 473 3920 2946 4012; baseline -0 -20"><span class='ocrx_word' id='word_1_350' title='bbox 473 3929 807 3993; x_wconf 82' lang='lat' dir='ltr'>sententiis</span> <span class='ocrx_word' id='word_1_351' title='bbox 848 3929 1170 4010; x_wconf 87' lang='lat' dir='ltr'>excerptis</span> <span class='ocrx_word' id='word_1_352' title='bbox 1215 3933 1370 4010; x_wconf 86' lang='lat' dir='ltr'>apte</span> <span class='ocrx_word' id='word_1_353' title='bbox 1414 3933 1975 4012; x_wconf 86' lang='lat' dir='ltr'>congruenterque</span> <span class='ocrx_word' id='word_1_354' title='bbox 2018 3920 2380 3994; x_wconf 85' lang='lat' dir='ltr'>orationem</span> <span class='ocrx_word' id='word_1_355' title='bbox 2422 3948 2612 3994; x_wconf 90' lang='lat' dir='ltr'>suam</span> <span class='ocrx_word' id='word_1_356' title='bbox 2653 3925 2946 3991; x_wconf 83' lang='lat' dir='ltr'>distinxit</span> 
     </span>
     <span class='ocr_line' id='line_1_36' title="bbox 474 4014 1859 4106; baseline 0.001 -14"><span class='ocrx_word' id='word_1_357' title='bbox 474 4014 540 4092; x_wconf 83' lang='lat' dir='ltr'>et</span> <span class='ocrx_word' id='word_1_358' title='bbox 560 4027 933 4092; x_wconf 88' lang='lat' dir='ltr'>inlustrauit</span> <span class='ocrx_word' id='word_1_359' title='bbox 962 4029 1020 4103; x_wconf 84' lang='lat'>6,</span> <span class='ocrx_word' id='word_1_360' title='bbox 1049 4028 1153 4104; x_wconf 81' lang='lat'>143</span> <span class='ocrx_word' id='word_1_361' title='bbox 1185 4028 1245 4105; x_wconf 83' lang='lat'>8,</span> <span class='ocrx_word' id='word_1_362' title='bbox 1270 4029 1337 4104; x_wconf 73' lang='lat'>2;</span> <span class='ocrx_word' id='word_1_363' title='bbox 1377 4028 1471 4106; x_wconf 85' lang='lat'>13,</span> <span class='ocrx_word' id='word_1_364' title='bbox 1503 4028 1605 4105; x_wconf 74' lang='lat'>12;</span> <span class='ocrx_word' id='word_1_365' title='bbox 1640 4028 1734 4106; x_wconf 77' lang='lat'>14,</span> <span class='ocrx_word' id='word_1_366' title='bbox 1756 4030 1859 4093; x_wconf 84' lang='lat'>11.</span> 
     </span>
    </p>

    <p class='ocr_par' dir='ltr' id='par_1_6' title="bbox 474 4124 2945 4508">
     <span class='ocr_line' id='line_1_37' title="bbox 557 4124 2945 4192; baseline -0.001 -1"><span class='ocrx_word' id='word_1_367' title='bbox 557 4126 686 4191; x_wconf 89' lang='lat' dir='ltr'>Sed</span> <span class='ocrx_word' id='word_1_368' title='bbox 716 4127 911 4191; x_wconf 91' lang='lat' dir='ltr'>nimis</span> <span class='ocrx_word' id='word_1_369' title='bbox 943 4127 1055 4191; x_wconf 93' lang='lat' dir='ltr'>diu</span> <span class='ocrx_word' id='word_1_370' title='bbox 1101 4127 1166 4190; x_wconf 89' lang='lat' dir='ltr'>in</span> <span class='ocrx_word' id='word_1_371' title='bbox 1196 4127 1417 4191; x_wconf 88' lang='lat' dir='ltr'>uerbis</span> <span class='ocrx_word' id='word_1_372' title='bbox 1461 4126 1952 4191; x_wconf 90' lang='lat' dir='ltr'>considerandis</span> <span class='ocrx_word' id='word_1_373' title='bbox 1991 4128 2225 4192; x_wconf 90' lang='lat' dir='ltr'>morati</span> <span class='ocrx_word' id='word_1_374' title='bbox 2257 4147 2501 4191; x_wconf 79' lang='lat' dir='ltr'>sumus,</span> <span class='ocrx_word' id='word_1_375' title='bbox 2544 4126 2631 4190; x_wconf 91' lang='lat' dir='ltr'>ad</span> <span class='ocrx_word' id='word_1_376' title='bbox 2679 4145 2783 4190; x_wconf 91' lang='lat' dir='ltr'>res</span> <span class='ocrx_word' id='word_1_377' title='bbox 2811 4124 2945 4189; x_wconf 81' lang='lat' dir='ltr'>iam</span> 
     </span>
     <span class='ocr_line' id='line_1_38' title="bbox 475 4225 2944 4308; baseline -0.001 -17"><span class='ocrx_word' id='word_1_378' title='bbox 475 4226 922 4291; x_wconf 88' lang='lat' dir='ltr'>accedendum</span> <span class='ocrx_word' id='word_1_379' title='bbox 953 4229 1068 4289; x_wconf 87' lang='lat' dir='ltr'>est.</span> <span class='ocrx_word' id='word_1_380' title='bbox 1102 4245 1177 4290; x_wconf 90' lang='lat' dir='ltr'>ac</span> <span class='ocrx_word' id='word_1_381' title='bbox 1208 4226 1493 4308; x_wconf 89' lang='lat' dir='ltr'>primum</span> <span class='ocrx_word' id='word_1_382' title='bbox 1523 4225 1691 4291; x_wconf 89' lang='lat' dir='ltr'>sitne</span> <span class='ocrx_word' id='word_1_383' title='bbox 1721 4246 1948 4291; x_wconf 90' lang='lat' dir='ltr'>earum</span> <span class='ocrx_word' id='word_1_384' title='bbox 1976 4227 2292 4291; x_wconf 90' lang='lat' dir='ltr'>memoria</span> <span class='ocrx_word' id='word_1_385' title='bbox 2323 4247 2404 4291; x_wconf 83' lang='lat' dir='ltr'>ex</span> <span class='ocrx_word' id='word_1_386' title='bbox 2431 4226 2555 4291; x_wconf 93' lang='lat' dir='ltr'>hoc</span> <span class='ocrx_word' id='word_1_387' title='bbox 2582 4226 2746 4290; x_wconf 88' lang='lat' dir='ltr'>libro</span> <span class='ocrx_word' id='word_1_388' title='bbox 2779 4228 2944 4288; x_wconf 90' lang='lat' dir='ltr'>tam-</span> 
     </span>
     <span class='ocr_line' id='line_1_39' title="bbox 474 4325 2944 4408; baseline -0.001 -18"><span class='ocrx_word' id='word_1_389' title='bbox 474 4344 673 4408; x_wconf 90' lang='lat' dir='ltr'>quam</span> <span class='ocrx_word' id='word_1_390' title='bbox 718 4327 856 4389; x_wconf 89' lang='lat' dir='ltr'>solo</span> <span class='ocrx_word' id='word_1_391' title='bbox 894 4329 1009 4389; x_wconf 90' lang='lat' dir='ltr'>aut</span> <span class='ocrx_word' id='word_1_392' title='bbox 1036 4325 1347 4407; x_wconf 89' lang='lat' dir='ltr'>primario</span> <span class='ocrx_word' id='word_1_393' title='bbox 1376 4345 1452 4390; x_wconf 92' lang='lat' dir='ltr'>ac</span> <span class='ocrx_word' id='word_1_394' title='bbox 1473 4325 1821 4408; x_wconf 88' lang='lat' dir='ltr'>purissimo</span> <span class='ocrx_word' id='word_1_395' title='bbox 1843 4325 2020 4390; x_wconf 89' lang='lat' dir='ltr'>fonte</span> <span class='ocrx_word' id='word_1_396' title='bbox 2061 4325 2421 4407; x_wconf 87' lang='lat' dir='ltr'>repetenda</span> <span class='ocrx_word' id='word_1_397' title='bbox 2443 4343 2835 4407; x_wconf 89' lang='lat' dir='ltr'>quaeremus</span> <span class='ocrx_word' id='word_1_398' title='bbox 2858 4342 2944 4387; x_wconf 93' lang='lat' dir='ltr'>an</span> 
     </span>
     <span class='ocr_line' id='line_1_40' title="bbox 477 4423 2942 4508; baseline -0.001 -19"><span class='ocrx_word' id='word_1_399' title='bbox 477 4424 743 4489; x_wconf 91' lang='lat' dir='ltr'>aliunde</span> <span class='ocrx_word' id='word_1_400' title='bbox 772 4443 1089 4507; x_wconf 86' lang='lat' dir='ltr'>queamus</span> <span class='ocrx_word' id='word_1_401' title='bbox 1114 4427 1230 4489; x_wconf 87' lang='lat' dir='ltr'>aut</span> <span class='ocrx_word' id='word_1_402' title='bbox 1253 4425 1443 4508; x_wconf 90' lang='lat' dir='ltr'>plura</span> <span class='ocrx_word' id='word_1_403' title='bbox 1467 4428 1579 4489; x_wconf 87' lang='lat' dir='ltr'>aut</span> <span class='ocrx_word' id='word_1_404' title='bbox 1608 4424 1840 4489; x_wconf 89' lang='lat' dir='ltr'>eadem</span> <span class='ocrx_word' id='word_1_405' title='bbox 1873 4425 2220 4489; x_wconf 88' lang='lat' dir='ltr'>sinceriora</span> <span class='ocrx_word' id='word_1_406' title='bbox 2250 4443 2328 4488; x_wconf 91' lang='lat' dir='ltr'>ac</span> <span class='ocrx_word' id='word_1_407' title='bbox 2350 4424 2607 4488; x_wconf 90' lang='lat' dir='ltr'>ueriora</span> <span class='ocrx_word' id='word_1_408' title='bbox 2630 4423 2942 4505; x_wconf 84' lang='lat' dir='ltr'>accipere.</span> 
     </span>
    </p>
   </div>
  </div>
 </body>
</html>
