3650 5684
1178 470 1266 524 m:
1319 470 1550 525 LIBRIS
1600 470 1797 524 MANV
1843 472 2163 545 SCRIPTIS
2788 474 2908 530 xm

432 624 586 729 sint.
613 662 671 728 D
701 667 768 729 et
807 665 1103 728 extrema
1149 660 1218 726 in
1264 664 1454 744 parte
1504 659 1561 726 Ο
1589 661 1774 727 mixti
1812 665 1969 727 sunt
1987 692 1992 695 ·
2013 682 2050 727 e
2094 662 2351 728 duobus
2392 663 2574 729 libris
2625 661 2922 749 quorum

433 783 606 829 unus
648 763 772 828 fuit
798 761 1049 844 generis
1077 759 1354 838 WUQC,
1384 760 1549 825 alter
1578 761 1814 825 eadem
1841 761 2045 844 stirpe
2076 766 2276 845 atque
2310 761 2480 829 VAO
2505 767 2702 830 ortus.
2734 776 2905 848 quae

432 863 754 946 ratio-quo
784 863 969 927 fieret
989 860 1317 925 inlustrior
1336 859 1696 943 imaginem
1725 859 1970 926 subieci
1999 883 2014 925 t

1505 1129 1840 1200 archetypus

588 1248 2613 1905 ffisf.

821 1866 1422 1938 PWUQC

522 2139 654 2205 Sed
682 2140 881 2222 paulo
929 2141 1230 2207 subtilius
1273 2161 1352 2207 ea
1383 2160 1554 2226 quae
1597 2144 1910 2227 proposui
1955 2114 2424 2228 persequenda
2472 2147 2642 2209 sunt.
2673 2143 2914 2209 etenim

433 2238 550 2304 diu
591 2240 1004 2323 multumque
1046 2241 1187 2323 ipse
1230 2241 1527 2308 dubitaui
1570 2262 1783 2327 neque
1832 2242 2188 2325 legentium
2226 2243 2352 2308 nisi
2394 2244 2508 2326 qui
2563 2242 2907 2326 diligenter

438 2338 665 2402 omnia
692 2338 1159 2422 perpenderint
1178 2358 1436 2404 mecum
1465 2359 1900 2405 consensuros
1923 2360 2073 2406 esse
2102 2360 2314 2423 spero.

516 2437 577 2502 A
598 2438 881 2520 pessimo
902 2438 1204 2504 omnium·
1240 2439 1297 2502 D
1324 2442 1398 2504 ut
1422 2440 1817 2522 proficiscar,
1847 2445 1952 2505 sat
1993 2439 2133 2506 scio
2177 2441 2316 2506 fore
2344 2441 2457 2525 qui
2506 2441 2686 2524 quod
2714 2460 2914 2525 saepe

435 2537 661 2602 audiui
715 2532 1072 2619 proferant,
1131 2538 1401 2602 minime
1451 2538 1760 2604 credibile
1809 2559 1956 2605 esse
1999 2539 2334 2607 hominem
2374 2539 2801 2606 inlitteratum
2852 2544 2918 2607 et

433 2636 635 2701 solius
663 2637 756 2702 rei
782 2656 1010 2702 sacrae
1036 2636 1407 2702 studiosum
1436 2637 1654 2721 plures
1684 2638 1886 2704 simul
1908 2640 2167 2705 codices
2197 2637 2574 2704 adhibuisse
2613 2658 2650 2705 e
2678 2637 2917 2723 quihus

434 2755 518 2799 ea
545 2755 715 2817 quae
737 2736 1135 2802 describeret
1162 2755 1439 2819 operose
1460 2741 1851 2804 contexeret.
1878 2758 1998 2821 ego
2026 2758 2187 2804 uero
2217 2738 2468 2804 dudum
2498 2738 2696 2804 didici
2722 2738 2919 2805 libra.-

436 2835 570 2899 rios
599 2834 754 2898 olim
784 2854 994 2918 aeque
1036 2855 1115 2901 ac
1155 2855 1329 2901 nunc
1358 2835 1616 2902 criticos
1659 2837 1822 2902 alios
1867 2837 2193 2903 exstitisse
2232 2839 2465 2903 stultos
2510 2841 2626 2903 aut
2666 2857 2916 2921 segnes,

436 2933 777 3015 diligentes
807 2937 873 2998 et
894 2938 1121 3001 acutos
1143 2935 1325 3015 alios,
1349 2936 1676 3018 quosdam
1695 2935 1963 3003 inscitos
1986 2940 2052 3002 et
2072 2936 2411 3003 infeliciter
2430 2936 2810 3003 laboriosos.
2830 2938 2917 3002 ad

436 3032 673 3097 librum
704 3033 760 3098 D
790 3035 968 3116 quod
995 3035 1250 3114 attinet,
1278 3053 1412 3100 non
1430 3034 1644 3100 solum
1666 3055 1869 3119 saepe
1891 3035 1946 3101 is
1969 3056 2119 3101 cum
2142 3035 2337 3115 VAO‚
2360 3037 2746 3120 plerumque
2766 3054 2917 3102 cum

433 3131 702 3215 reliquis
723 3133 903 3198 libris
931 3135 1230 3213 concinit,
1259 3135 1378 3200 sed
1408 3153 1540 3199 uno
1560 3135 1723 3214 loco,
1751 3155 1816 3219 p.
1848 3136 1942 3214 15,
1978 3137 2072 3215 16,
2106 3138 2453 3219 utramque
2470 3136 2917 3202 recensionem

434 3230 746 3315 deinceps
774 3234 995 3316 posuit
1013 3234 1140 3298 hoe
1165 3234 1365 3300 modo
1397 3256 1413 3299 :
1443 3235 1585 3315 λεγει
1613 3237 1760 3295 αὐτῶ
1786 3236 1996 3319 μιχαὴλ
2024 3259 2055 3294 ο
2086 3237 2503 3318 ἂρχιστράτιγοσ
2531 3259 2621 3296 σαν
2650 3238 2917 3297 metuitis

435 3332 547 3390 ‹5⁶2ae
568 3333 652 3391 ὅτι
678 3333 891 3392 δύναται
921 3336 953 3392 6
979 3336 1102 3392 θεὸσ
1131 3333 1330 3412 8ιέμοῦ
1353 3331 1573 3416 φυλάξει
1600 3338 1690 3394 τὸν
1712 3336 1879 3394 τόπον
1900 3343 2088 3394 τοῦτον
2107 3334 2283 3416 δεύρω
2312 3338 2395 3394 ἵνα
2424 3338 2599 3394 ostica
2635 3339 2731 3406 τὴν
2760 3333 2917 3404 δόξαν

437 3430 624 3509 abjecti.
657 3433 781 3491 τότε
809 3430 1022 3503 ἐξῆλθεν
1064 3435 1096 3491 ὅ
1123 3432 1318 3493 δοῦλοσ
1345 3437 1470 3493 θεοῦ
1496 3436 1802 3515 παρρησίασ
1830 3432 2014 3516 τυχῶν
2043 3454 2057 3469 ·
2086 3438 2177 3493 καὶ
2198 3434 2343 3514 λέγει
2370 3435 2519 3493 αὔτῶ
2550 3436 2582 3492 ὅ
2620 3435 2916 3516 ἀρχιστρά-

434 3552 606 3608 τιγοσ.
643 3531 829 3610 ἐφόσον
851 3530 1088 3590 &nense
1128 3536 1219 3590 καὶ
1247 3532 1484 3613 cupedia
1515 3535 1656 3610 ὁμοῦ
1684 3535 2050 3593 πεπίστευκας
2085 3535 2169 3592 ὅτι
2214 3532 2432 3593 δύναται
2458 3536 2555 3604 τὴν
2573 3536 2682 3614 γὴν
2710 3534 2915 3604 ταύτην

428 3625 751 3712 Εδισιφξιμλάξοιι
797 3630 982 3707 8ιέμοῦ
1031 3632 1063 3688 ὅ
1100 3631 1285 3715 ιρύριοσ
1323 3633 1433 3690 ἀπὸ
1471 3641 1574 3703 τῆσ
1613 3632 1831 3711 βλάβησ
1869 3641 1967 3690 τοῦ
2011 3631 2233 3708 ὔδατοσ,
2260 3632 2434 3712 δεύρω
2477 3635 2559 3691 ἵνα
2603 3634 2779 3692 oedem
2816 3635 2913 3703 τὴν

437 3708 654 3804 &inurit
681 3729 867 3793 αὐτοῦ.
895 3731 1018 3788 τότε
1039 3729 1196 3800 ἦλθεν
1223 3731 1257 3788 ὁ
1282 3728 1480 3789 δοῦλοι·
1505 3739 1602 3789 τοῦ
1632 3734 1755 3790 θεοῦ
1784 3730 1908 3793 κτλ.
1924 3729 2228 3796 uidelicet
2250 3749 2392 3795 rem
2416 3729 2511 3795 eis
2533 3730 2669 3795 fere
2694 3730 2914 3796 uerbis

435 3827 979 3909 comprehensam
1001 3846 1171 3910 quae
1194 3826 1464 3908 legimus
1486 3827 1556 3893 in
1575 3828 1757 3894 libris
1782 3829 1886 3894 ΡΣ
1907 3829 2236 3912 excipiunt
2258 3848 2340 3894 ea
2359 3830 2565 3895 uerba
2588 3848 2760 3913 quae
2779 3832 2914 3905 tra-

436 3924 574 3990 dita
603 3929 757 3991 sunt
784 3925 964 3991 libris
992 3924 1185 3992 VAO.
1206 3927 1406 3991 homo
1425 3926 1601 3992 enim
1622 3947 1759 3992 non
1778 3929 2044 3993 omnino
2067 3928 2515 4007 insulsuS,non
2538 3927 2651 4010 qui
2671 3927 2911 3993 librum

437 4024 516 4103 D,
564 4024 680 4090 sed
737 4024 851 4109 qui
900 4025 1037 4091 eius
1096 4026 1434 4110 exemplar
1488 4027 1546 4088 Φ
1609 4026 1889 4110 scripsit,
1941 4029 2044 4108 ἐὰν.
2094 4028 2378 4108 πιστεύσῃς
2434 4030 2607 4106 ante,
2659 4027 2740 4108 ἐφ’
2788 4029 2911 4087 ὅσον

435 4127 790 4192 πεπίστευκας
833 4130 986 4208 post
1035 4125 1281 4190 dictum
1322 4144 1468 4191 esse
1509 4125 1883 4205 arbitratuS,
1914 4129 2266 4210 utrumque
2295 4124 2648 4191 coniunxit.
2689 4128 2913 4190 tamen

438 4241 571 4287 non
614 4227 715 4289 est
755 4225 950 4290 huius
977 4224 1127 4290 libri
1154 4244 1314 4290 usus
1361 4224 1598 4290 nullus
1647 4224 2114 4291 alterutrorum
2143 4226 2434 4291 codIcum
2468 4224 2911 4291 testimonium

438 4322 687 4406 passim
715 4323 1077 4403 confirmat,
1107 4323 1504 4408 quandoque
1534 4323 1815 4406 supplet.

520 4421 593 4486 In
619 4421 785 4487 libro
827 4423 882 4482 Ξ
933 4443 1013 4487 ea
1049 4423 1395 4489 menda-in
1448 4423 1656 4489 uerba
1704 4422 2039 4505 scriptoris
2088 4422 2501 4506 inrepserunt
2543 4444 2713 4508 quae
2758 4428 2913 4490 sunt

437 4520 752 4588 librorum
795 4523 845 4588 C
894 4526 958 4588 et
1008 4523 1062 4587 D
1122 4523 1519 4601 communia,
1570 4523 1637 4586 in
1686 4523 1737 4583 Θ
1781 4526 2047 4606 praeter
2095 4543 2176 4588 ea
2224 4543 2396 4606 quae
2444 4523 2626 4589 libris
2681 4523 2910 4603 UQCD

437 4621 937 4705 adspersa-sunt
965 4623 1297 4705 appendix
1337 4622 1447 4688 illa
1474 4621 1752 4688 accessit
1779 4630 1983 4705 quam
2017 4622 2376 4705 significaui
2404 4643 2607 4707 supra
2632 4643 2696 4707 p.
2723 4622 2911 4707 ‘ahie

439 4721 715 4804 apposui
746 4742 783 4788 e
810 4722 979 4788 libro
1001 4721 1059 4801 Q
1103 4722 1499 4806 descriptam
1530 4743 1546 4787 ε
1575 4731 1746 4783 ταῦτα
1767 4725 1934 4781 εἰπὼν
1960 4725 2000 4782 ὁ
2023 4725 2452 4806 ἀρχιστράτηγος
2474 4723 2694 4795 ἀνῆλθεν
2721 4725 2794 4790 εἰς
2819 4726 2911 4782 τὸν

437 4823 690 4902 οΰρανόν·
719 4825 750 4881 ὁ
771 4821 833 4881 δὲ
861 4821 1051 4888 δοῦλος
1079 4831 1176 4881 τοῦ
1206 4827 1329 4884 θεοῦ
1358 4819 1572 4892 ἐδόξαζε
1601 4827 1697 4882 καὶ
1714 4823 1846 4902 ἐβόα
1874 4821 2047 4902 λέγων
2073 4842 2090 4858 ·
2124 4821 2250 4892 δόξα
2289 4847 2373 4883 σοι
2398 4826 2430 4882 ὁ
2476 4823 2611 4890 θεὸςῖ
2632 4826 2663 4881 ὁ
2694 4823 2911 4901 ὕψιστος

2974 0 3237 6 1———-—7---
3246 0 3283 7 2--
3302 1 3361 6 ffl..
3374 0 3571 9 uffl-‘a
3587 0 3596 9 ι
