3650 5684
22 4468 29 4491 .-
20 4090 33 4461 ᾼς--Ἲῄ--ῂ-τῐ

26 4666 41 4867 ae'⁴⁴⁴*1xo.‚..ae.=Tr
34 4624 35 4631 ⁴

412 449 609 550 [⁶297]
1287 468 1538 526 0110le
1589 414 1991 526 ΡΑτΒΑΤυΜ.
2803 446 2875 529 -9

409 674 511 743 ἐπὶ
537 674 651 753 τὴν
689 675 809 767 γῆν
832 670 918 742 ⁸¹.
948 673 1007 738 οἳ
1033 669 1096 737 δὲ
1117 669 1181 707 33
1209 668 1535 765 ἐπέτρεχον
1556 667 1620 707 33
1637 670 1739 739 ἐπὶ
1759 668 1824 707 34
1844 670 1911 736 τὸ
1938 671 2112 764 ἅγιον
2152 667 2311 762 ὕδωρ
2338 671 2443 736 τοῦ
2470 661 2879 765 καταστρέψαι

409 790 586 867 αὐτό,
631 789 786 879 [καὶ]
821 786 885 825 35
929 785 1145 863 εὐθέως
1182 789 1247 853 αἱ
1289 788 1493 881 χεῖρες
1529 788 1729 852 αὐτῶν
1779 787 2173 878 ἐκρατοῦντο·
2212 784 2277 823 ⁸⁶
2310 782 2492 853 ἄλλοι
2527 785 2590 853 δὲ
2624 813 2879 880 προσερ-

407 906 665 1000 χόμενοι
710 901 969 993 ἔβλεπον
1033 899 1232 998 φλόγα
1279 903 1469 995 πυρὸς
1523 898 1931 996 έξερχομένην
1967 901 2031 939 37
2065 900 2186 969 ἀπὸ
2228 904 2336 968 τοῦ
2389 900 2602 980 ὕδατος
2654 903 2755 970 ἐπὶ
2804 907 2880 969 τὰ

408 1023 709 1114 πρόσωπα
735 1022 934 1088 αὐτῶν
965 1040 982 1057 ·
1022 1020 1126 1085 καὶ
1161 1018 1354 1097 οὕτως
1406 1019 1853 1114 ἀπεστρέφοντο
1898 1016 1963 1056 33
2016 1021 2073 1086 οἰ
2114 1017 2357 1107 ἀσεβεῖς
2404 1017 2468 1056 3⁹
2519 1044 2880 1114 κατῃσχυμ-

332 1158 375 1238 ρ
412 1137 582 1228 μένοι
615 1134 681 1173 4⁰
721 1190 736 1207 .
799 1132 980 1201 ἄλλοι
1015 1134 1078 1201 δὲ
1129 1135 1279 1227 πρὸς
1340 1134 1589 1211 ἑαυτοὺς
1650 1131 1865 1229 ἔλεγον
1913 1154 1928 1170 ·
1984 1138 2086 1202 ἐὰν
2138 1136 2318 1201 τοῦτο
2371 1135 2439 1201 τὸ
2494 1132 2654 1227 ὕδωρ
2696 1133 2762 1172 ⁴¹
2810 1137 2879 1201 οὐ

2298 1248 2432 1287 43’

408 1252 922 1345 καταστρέψωμεν
957 1251 1059 1316 καὶ
1092 1250 1194 1316 τὸν
1228 1249 1630 1344 κασουδάριον
1673 1249 1740 1288 43
1768 1246 1861 1345 (1)
1897 1252 2110 1317 τοῦτον
2148 1252 2257 1316 οὐκ
2400 1253 2874 1341 ἀποκτείνωμεν,

409 1370 630 1444 πάντες
690 1369 748 1433 οἱ
807 1365 928 1433 θεοὶ
995 1367 1175 1457 ἡμῶν
1236 1361 1813 1447 ἐξουδενωθήσονται
1881 1364 1946 1403 44
2014 1366 2132 1433 ὑπὸ
2200 1368 2320 1432 τῶν
2391 1363 2880 1459 θεραπευομένων

413 1479 772 1553 ένταῦθα45.
789 1482 891 1546 καὶ
915 1476 1073 1560 ἦσαν
1107 1475 1323 1546 λοιπὸν
1344 1479 1771 1568 βασανίζοντες
1797 1481 1902 1547 τὸν
1931 1476 2147 1546 δοῦλον
2174 1482 2280 1545 τοῦ
2308 1478 2444 1546 θεοῦ
2470 1478 2597 1546 καθ’
2618 1483 2877 1561 εκάστην

409 1599 669 1691 ἡμέραν,
711 1597 812 1662 καὶ
846 1595 912 1634 ⁴⁶
946 1594 1179 1688 ἄμετρα
1215 1594 1378 1662 δεινὰ
1413 1594 1594 1689 ἔσχεν
1630 1594 1695 1632 47
1730 1598 1761 1663 ὁ
1800 1598 2095 1688 μακάριος
2138 1594 2203 1633 43
2237 1595 2355 1661 ὑπὸ
2390 1596 2513 1662 τῶν
2556 1593 2877 1663 είδωλοθυ-

460 1716 490 1729 Q

313 1738 374 1789 ⁴0
409 1740 532 1780 των
595 1712 660 1750 ⁴⁹
718 1710 992 1793 ὲλλήνων
1053 1711 1141 1789 5⁰,
1209 1712 1310 1777 καὶ
1370 1713 1559 1778 ταῦτα
1614 1711 1677 1750 5¹
1736 1712 2056 1804 ὑπομένων
2128 1710 2191 1749 5²
2251 1706 2524 1791 ἐδόξαζεν
2591 1713 2694 1778 τὸν
2748 1710 2878 1779 θεὸν

414 1830 739 1908 ἀπαύστως
782 1828 845 1867 53
881 1829 1113 1921 ἡμέρας
1148 1829 1249 1894 καὶ
1283 1829 1495 1905 νυκτός
1538 1826 1622 1905 54,

515 1945 841 2017 ς’.-καὶ
865 1941 942 2024 ἦν
969 1943 991 1981 ¹
1020 1948 1081 2012 έν
1109 1949 1193 2032 τῷ
1229 1946 1397 2033 ’τόπῳ
1428 1946 1635 2033 ἐκείνῳ
1664 1944 1942 2034 ποταμὸς
1968 1944 2355 2032 καταβαίνων
2385 1942 2412 1981 ²
2447 1937 2509 2021 ἐξ
2548 1947 2879 2036 ἀριστερῶν

412 2065 665 2154 ὀνόματι
699 2062 944 2155 Χρύσης
984 2059 1011 2098 3
1046 2058 1169 2157 (Q).
1208 2063 1382 2137 οὗτος
1418 2063 1770 2152 περιεπάτει
1807 2058 1838 2097 4
1872 2060 2136 2154 ἐγγίζων
2174 2061 2241 2127 τὸ
2278 2059 2707 2153 θυσιαστήριον
2743 2057 2880 2156 5(3)

411 2181 519 2245 τοῦ
557 2178 690 2245 θεοῦ
727 2174 786 2256 ἐξ
832 2180 1031 2271 ἀρχῆς
1079 2178 1333 2267 κόσμου.
1372 2177 1473 2242 καὶ
1518 2173 1819 2253 πολλάκις
1860 2173 2301 2265 ἠβουλήθησαν
2346 2175 2372 2213 ⁶
2415 2178 2473 2244 οἱ
2525 2175 2734 2270 ἐχθροὶ
2767 2182 2880 2257 τῆς

315 2316 378 2368 45
415 2291 701 2374 ἀληθείας
735 2296 841 2361 τοῦ
871 2290 962 2390 (4)
999 2288 1170 2384 μῖξαι
1205 2293 1307 2359 τὸν
1342 2293 1619 2383 ποταμὸν
1658 2294 1810 2384 μετὰ
1838 2294 1944 2359 τοῦ
1983 2293 2365 2386 ἀγιάσματος
2401 2287 2492 2387 (5)
2546 2292 2826 2384 [ἐκείνου]
2857 2292 2882 2331 ⁷

421 2556 501 2564 -
530 2518 584 2557 81
615 2519 714 2598 (ἔρ.
745 2520 831 2580 ἐπ.
860 2542 914 2582 τ.
945 2522 1025 2598 γ.)
1054 2519 1146 2578 ἐπ.
1170 2540 1223 2578 τ.
1258 2541 1314 2597 γ.
1350 2518 1430 2596 ἔρ.
1458 2523 1528 2577 V.
1557 2554 1639 2562 —
1660 2516 1714 2555 32
1743 2521 1793 2576 οἱ
1816 2518 1871 2577 δὲ
1896 2524 2112 2588 ΡΑΟῙ),
2143 2518 2296 2577 ἄλλοι
2321 2518 2377 2578 δὲ
2408 2525 2576 2590 CUV,
2611 2525 2700 2580 καὶ
2729 2520 2883 2580 ἄλλοι

421 2609 488 2674 Q.
516 2639 598 2648 --
625 2602 681 2640 33
721 2612 802 2660 ita
832 2602 1038 2681 (Z)VD,
1075 2602 1444 2682 ἐπιτρέχοντες
1487 2605 1636 2671 PW,
1674 2603 1998 2681 ἐπηγόμενοι
2042 2608 2110 2671 Ο,
2138 2624 2247 2661 om.
2290 2608 2360 2663 A.
2406 2640 2485 2648 —
2525 2602 2581 2640 34
2611 2613 2688 2662 ita
2713 2604 2876 2675 ΣΔΙ),

422 2688 492 2750 εἰς
521 2692 588 2746 P.
624 2721 706 2730 --
747 2684 803 2721 35
845 2694 924 2742 ita
970 2685 1070 2753 Σ3,
1103 2706 1213 2742 om.
1251 2689 1398 2744 PW.
1449 2719 1528 2727 —
1559 2682 1613 2720 33
1642 2686 1989 2765 (καὶ-ἐκρατ.)
2017 2684 2085 2764 Γ,
2119 2708 2230 2744 om.
2277 2683 2322 2742 Δ
2353 2692 2509 2759 (add.
2546 2690 2597 2750 3)
2625 2693 2878 2757 Sisinn.,·

421 2776 528 2845 cfr.
565 2775 669 2828 Mt.
707 2790 829 2843 cap.
867 2773 926 2827 6.
963 2802 1044 2811 —
1085 2764 1139 2803 3⁷
1169 2775 1249 2824 ita
1281 2765 1444 2835 ΣΔΙ),
1495 2762 1727 2834 ἐξιοῦσαν
1764 2773 1808 2827 Ρ
1851 2773 2065 2827 Sisinn.
2102 2804 2183 2812 —
2225 2767 2280 2806 33
2309 2758 2640 2852 ἀπέστρεφον
2681 2775 2751 2831 V.
2800 2806 2882 2814 —

419 2850 474 2888 33
515 2851 768 2932 περιδεεῖς
817 2856 953 2909 add.
1011 2855 1055 2908 P
1098 2847 1366 2930 (ἔκφρονες
1411 2853 1501 2907 καὶ
1551 2849 1804 2930 περιδεεῖς
1838 2852 2155 2908 ὑπενόστουν
2183 2856 2447 2924 Sis-iun).
2484 2889 2564 2896 —
2595 2851 2650 2889 4⁰
2692 2876 2881 2912 καται-

418 2937 718 3016 σχυμμένοι
768 2940 835 3004 Ο,
893 2935 1366 3013 καταισχυνόμενοι
1415 2939 1485 2992 A.
1522 2968 1603 2976 —
1643 2930 1698 2969 41
1739 2935 1918 3011 (τοῦτο
1947 2957 1997 2993 τ.
2036 2933 2137 3012 ὕδ.)
2167 2938 2229 2992 τὸ
2273 2934 2357 2998 ὕδ.
2404 2944 2566 2993 τοῦτο
2596 2940 2764 2996 AOD.
2802 2972 2881 2980 —

416 3016 471 3054 43
495 3016 875 3097 καυσουδάριον
906 3021 1054 3075 UAO
1084 3039 1097 3075 ε
1126 3037 1238 3074 scr.
1274 3014 1659 3095 κασουλάριονῖ
1692 3052 1774 3059 -
1797 3014 1855 3052 43
1882 3026 1964 3074 ita
2009 3021 2302 3086 PCWAO,
2358 3039 2468 3077 om.
2506 3022 2765 3097 (QU)VD.
2800 3054 2882 3063 ———

420 3098 476 3139 ⁴4
507 3098 1007 3168 ἐξουθενωθήσονται
1030 3104 1110 3172 Ρ;
1159 3105 1270 3175 cfr.
1308 3103 1366 3167 8,
1397 3103 1455 3159 2.
1503 3133 1583 3142 —-
1605 3096 1660 3136 45
1691 3101 1972 3177 (ὑπὸ-ἐπ.)
2012 3121 2121 3158 om.
2150 3104 2220 3159 V.
2270 3135 2352 3143 --
2372 3098 2427 3136 43
2451 3101 2558 3177 (καὶ
2578 3101 2741 3180 -ὲλλ.)
2764 3124 2874 3161 om.

423 3185 585 3244 EOD.
636 3219 717 3227 —
765 3180 820 3218 4⁷
850 3181 1158 3262 (καὶ-ἔσχεν)
1203 3187 1325 3251 VA,
1360 3186 1451 3239 καὶ
1491 3181 1670 3239 πολλὰ
1722 3184 1967 3263 κριτήρια
2012 3184 2150 3264 εἶχεν
2194 3188 2294 3252 W,
2327 3182 2534 3248 πολλὰς
2578 3185 2668 3241 οῦν
2712 3186 2881 3249 αἰκίας

423 3269 657 3332 ὑποστὰς
700 3272 745 3325 Ρ
791 3272 920 3341 (cfr.
965 3269 1054 3342 10)
1088 3288 1100 3324 :
1135 3287 1248 3323 scr.
1285 3264 1548 3346 ἔπασχενῖ
1596 3299 1676 3308 -
1704 3262 1758 3301 43
1792 3264 2066 3347 ἅρχιππος
2088 3271 2224 3324 add.
2261 3270 2331 3327 V.
2366 3302 2447 3309 --
2469 3264 2525 3302 4⁹
2551 3274 2632 3325 ita
2675 3271 2875 3335 WVA,

423 3349 825 3429 εἰδωλολατρῶν
855 3354 935 3419 Ρ;
984 3354 1094 3423 cfr.
1132 3352 1191 3416 3,
1238 3351 1346 3420 153
1381 3352 1476 3416 11,
1509 3350 1584 3420 43
1626 3351 1721 3416 13,
1757 3351 1813 3406 4.
1851 3384 1933 3391 -
1975 3347 2029 3385 5⁰
2048 3356 2128 3406 ita
2151 3353 2353 3416 WVA,
2388 3371 2496 3412 om.
2522 3354 2588 3408 P.
2618 3386 2700 3393 —
2727 3348 2779 3386 ²⁵¹
2802 3359 2883 3408 ita

426 3430 541 3511 ΣΔ,
571 3440 768 3497 ταῦτας
799 3437 865 3490 P.
883 3466 965 3473 —
987 3428 1040 3467 52
1063 3440 1144 3488 ita
1168 3429 1545 3511 ΣΔ,γενναίως
1575 3431 1858 3511 ὑποφέρων
1881 3437 1947 3493 Ρ.
1978 3466 2057 3474 -
2087 3428 2142 3467 53
2170 3439 2250 3488 ita
2273 3437 2390 3501 ΡΟ,
2418 3454 2527 3491 om.
2566 3432 2732 3502 EVA,
2767 3439 2877 3508 cfr.

431 3520 525 3585 14,
555 3520 613 3575 8.
650 3513 800 3558 —54
823 3517 942 3592 (ἡμ.
970 3535 1026 3574 κ.
1060 3515 1125 3591 ν.)
1152 3516 1389 3592 (W)V0,
1422 3514 1588 3571 νύκτα
1611 3518 1701 3571 καὶ
1730 3515 1907 3594 ἡμέρα
1933 3519 2000 3582 Ρ,
2028 3535 2136 3575 om.
2168 3514 2281 3573 ΣΑ.

510 3597 609 3679 ς’.
640 3633 722 3642 —-
778 3597 799 3634 1
834 3601 904 3675 (κ.
935 3597 1016 3674 ἦν)
1061 3596 1229 3666 EVA,
1264 3598 1327 3665 ἦν
1370 3595 1427 3653 δὲ
1457 3601 1574 3656 PD.
1623 3631 1705 3640 —-
1733 3594 1759 3632 3
1801 3605 1884 3655 ita
1926 3593 2041 3674 ΣΔ,
2074 3598 2467 3677 κατερχόμενος
2508 3603 2575 3657 Ρ.
2626 3632 2706 3641 --
2734 3595 2761 3634 3
2803 3606 2884 3656 ila

424 3687 473 3742 V
494 3688 741 3750 Sisinn„
774 3681 962 3760 χρόσις
1006 3684 1074 3749 Ρ,
1102 3679 1303 3759 χρύσος
1331 3678 1560 3756 (Σ)ΑΟῙ)
1592 3684 1904 3754 Μείαρῆν.,
1940 3681 2159 3760 ’χρόσιος
2180 3685 2281 3749 W,
2314 3704 2420 3761 γρφ
2444 3685 2534 3738 καὶ
2564 3703 2665 3760 κρυ
2695 3687 2778 3752 (id
2805 3695 2884 3739 est

425 3768 636 3844 κρύσος)
668 3773 730 3822 in
753 3785 938 3837 πιανέ).
969 3784 1024 3839 q.
1053 3798 1135 3806 ——
1157 3759 1184 3797 4
1211 3770 1293 3819 ita
1316 3760 1479 3832 ΣΔῙ),
1512 3771 1791 3841 περιπατεῖ
1814 3768 1963 3824 PW.
1990 3798 2071 3806 --
2101 3761 2127 3799 5
2150 3765 2230 3841 (τὸ
2254 3767 2394 3842 θυσ.)
2419 3766 2682 3842 UVA(D)‚
2700 3773 2778 3822 τῶ
2804 3766 2883 3843 (τὸ

423 3853 518 3927 W)
541 3848 895 3926 θυσιαστηρίω
913 3850 1196 3924 PQ(W,O‚
1214 3854 1308 3902 τοῦ
1335 3848 1703 3925 θυσιαστηρίου
1721 3848 1763 3904 C
1781 3869 1794 3918 3
1815 3852 1925 3921 cfr.
1954 3850 2048 3914 10,
2070 3843 2257 3909 6.--3
2277 3855 2358 3905 ita
2374 3846 2485 3925 ΣΔ,
2502 3847 2884 3926 ἐβουλεύσαντο

425 3936 469 3989 Ρ
493 3956 508 4005 3
535 3939 644 4008 cfr.
679 3934 737 3999 3,
779 3932 872 3988 17.
904 3964 984 3972 --
1015 3927 1039 3965 ⁷
1068 3938 1149 3987 ita
1179 3934 1298 3998 VA,
1332 3937 1428 3985 τοῦ
1453 3932 1573 3986 θεοῦ
1597 3934 1664 3998 O,
1699 3951 1807 3990 om.
1838 3928 1904 3988 Γ.

512 4115 589 4193 (1)
619 4112 992 4193 κασουδάριον,
1024 4115 1359 4171 casularium
1407 4120 1563 4187 pute,
1596 4114 1653 4170 id
1695 4121 1778 4170 est
1820 4115 2009 4169 casula
2049 4116 2137 4169 vel
2180 4115 2403 4170 casubla
2446 4112 2567 4188 (cfr.
2609 4113 2878 4179 casulula,

428 4202 788 4259 Venant.Vit.
811 4202 963 4254 Med.
994 4200 1030 4256 2
1056 4198 1131 4275 (5)
1155 4218 1212 4271 p.
1249 4199 1350 4263 68,
1392 4199 1463 4253 10
1495 4198 1736 4263 Krusch,
1764 4199 2009 4263 casubla,
2037 4200 2204 4267 Greg.
2241 4199 2377 4252 Tur.
2423 4199 2528 4251 Vit.
2555 4206 2713 4267 patr.
2751 4197 2810 4261 8,
2848 4197 2883 4251 5

427 4302 482 4355 p.
530 4284 672 4348 696,
713 4283 782 4352 1;
820 4283 897 4351 83
932 4278 1203 4336 κασσοῦλα
1249 4283 1486 4352 Procop.
1537 4286 1672 4336 tom.
1708 4281 1756 4346 Ι,
1803 4299 1860 4352 p.
1891 4280 2032 4347 521,
2075 4281 2152 4335 22
2193 4279 2394 4353 Bonn.)
2435 4279 2719 4347 indutum3
2763 4286 2886 4350 post

427 4368 722 4432 casularii,
759 4367 957 4436 gallice
985 4365 1352 4430 chasublicrs,
1387 4364 1518 4418 dicti
1548 4370 1675 4418 sunt
1704 4364 1799 4435 qui
1830 4364 2081 4418 casublas
2108 4363 2399 4417 faciebant.
2431 4393 2509 4402 —
2540 4361 2612 4436 (2)
2643 4358 2879 4438 Χρύσης.

428 4448 543 4504 cfr.
577 4452 788 4519 disput.
823 4449 918 4504 VI.
948 4481 1029 4489 --
1059 4448 1133 4523 (3)
1166 4445 1527 4523 θυσιαστήριον
1570 4447 1793 4518 proprie
1824 4451 1906 4499 est
1936 4446 2110 4500 altare
2132 4451 2228 4499 aut
2250 4463 2314 4500 ea
2336 4463 2464 4516 pars
2487 4445 2677 4516 templi
2696 4445 2754 4499 in
2776 4461 2886 4515 qua
3000 4474 3004 4479 ·

426 4533 599 4587 altare
629 4533 868 4604 positum
897 4537 1001 4598 est,
1035 4533 1136 4589 σίν.
1168 4530 1381 4585 Suieeri
1409 4530 1680 4585 Thesaur.
1701 4530 1832 4584 eccl.
1853 4546 1874 4594 ,·
1897 4529 2003 4582 hoc
2028 4529 2148 4582 loco
2171 4534 2226 4582 et
2260 4528 2357 4593 10,
2393 4528 2429 4583 3
2460 4533 2514 4582 et
2549 4528 2645 4592 12,
2674 4527 2711 4582 5
2739 4528 2886 4581 vide-

425 4621 519 4669 tur
538 4616 685 4670 idem
707 4633 827 4670 esse
849 4621 1014 4686 atque
1042 4610 1335 4689 εὐκτήριον.
1352 4614 1467 4669 Ct’r.
1505 4611 1776 4667 sisinnius
1805 4617 1842 4678 ἓ
1877 4611 1944 4666 11
1979 4631 1994 4679 3
2028 4611 2100 4666 15
2129 4630 2144 4679 3
2172 4610 2266 4665 uhi
2288 4618 2439 4666 recte
2458 4610 2517 4664 in
2539 4610 2888 4665 adnotatione

427 4699 663 4753 vertitur
691 4703 1004 4754 oratorium
1028 4715 1048 4762 ‚·
1088 4697 1289 4751 fluvius
1332 4703 1516 4750 autem
1558 4697 1625 4751 ab
1668 4695 1884 4764 origine
1932 4694 2123 4748 mundi
2150 4712 2261 4748 non
2289 4693 2531 4748 oratorio
2562 4694 2658 4747 sed
2686 4692 2737 4747 ei
2765 4692 2888 4746 loco

427 4782 902 4854 appropinquabat
929 4780 988 4835 in
1015 4797 1126 4851 quo
1154 4779 1294 4833 illud
1322 4779 1667 4833 aedificatum
1696 4783 1778 4832 est
1806 4797 1820 4845 3
1856 4778 1957 4832 cfr.
1993 4776 2088 4841 10,
2125 4778 2180 4835 6.
2214 4808 2293 4816 -
2322 4775 2397 4851 (4)
2430 4779 2543 4832 τοῦ.
2574 4776 2687 4831 cfr.
2721 4774 2779 4840 3,
2814 4775 2885 4829 18

428 4882 555 4920 cum
582 4866 770 4920 adnot.
805 4895 885 4904 —
909 4861 983 4938 (5)
1016 4883 1077 4936 μ..
1104 4881 1158 4920 τ.
1188 4861 1539 4937 ἁγιάσματος,
1572 4879 1699 4916 eum
1726 4862 1875 4915 fonte
1904 4858 2135 4915 salutari
2162 4861 2230 4915 de
2251 4877 2359 4932 quo
2385 4859 2444 4925 3,
2473 4859 2531 4915 6.

626 4975 678 5014 n.
714 4976 761 5013 B.
2661 4953 2694 5011 2
