3650 5684
1480 447 1568 498 DE
1623 446 1830 498 LOCIS
2111 402 2115 407 ⁴
2699 440 2900 496 XXXV

430 639 771 716 Cadmum,
796 657 993 720 quem
1022 637 1113 701 illi
1143 638 1312 718 πέτρᾳ
1340 636 1480 700 siue
1505 635 1639 712 λίθῳ
1669 654 2001 717 opponere
2031 635 2241 717 potuit
2264 635 2365 698 his
2396 635 2615 700 uerbis
2653 635 2746 713 12,
2777 635 2853 699 10
2878 633 2897 700 't

425 748 523 798 τοῦ
540 737 712 818 ὅρους
740 747 837 796 τοῦ
864 737 1122 816 μεγάλου.
1152 735 1390 799 deinde
1421 735 1542 800 etsi
1572 734 2074 816 inscriptiolibri
2097 733 2262 798 falsa
2285 737 2403 811 est,
2436 733 2654 817 aliqua
2676 739 2900 799 tamen

427 854 627 902 causa
671 839 768 900 est
819 855 934 900 cur
977 836 1357 917 scriptorem
1404 835 1797 899 arbitremur
1849 834 2087 898 Chonis
2138 834 2523 899 miraculum
2567 839 2900 918 patratum

429 934 980 1001 existimasse.uix
1007 935 1179 998 enim
1204 933 1487 998 dubitari
1514 937 1733 1015 potest
1750 933 1909 1015 quin
1924 932 2298 997 Chonarum
2323 932 2381 997 ei
2403 953 2645 998 nomen
2668 936 2903 999 obuer-

430 1038 648 1099 satum
700 1033 784 1096 sit
828 1052 977 1096 cum
1028 1032 1413 1096 Michaelem
1465 1032 1629 1096 haec
1681 1032 2038 1113 imperasse
2069 1032 2283 1096 ssuuiis
2334 1037 2633 1104 narraret
2683 1034 2776 1113 19,
2821 1036 2901 1099 5:

428 1135 772 1203 ἀκοντίσθητε
802 1136 953 1209 ὑμεῖς
977 1134 1028 1190 ἐν
1057 1142 1126 1210 τῇ
1154 1134 1309 1212 χώνῃ
1350 1136 1520 1210 ταύτῃ
1551 1138 1642 1190 καὶ
1669 1131 1787 1190 ἔστε
1816 1134 2178 1214 χωνευόμενοι
2209 1134 2259 1190 ἐν
2282 1142 2361 1208 τῷ
2383 1136 2623 1213 χάσματι
2644 1134 2898 1210 τούτῳ...

430 1232 535 1299 ἕως
558 1242 656 1303 τῆς
687 1231 1003 1297 συντελείας
1032 1230 1209 1295 unde
1240 1231 1437 1294 etiam
1467 1230 1625 1293 illud
1656 1230 1710 1294 si
1741 1231 1885 1312 quis
1918 1230 2265 1311 collegerit,
2296 1231 2363 1294 in
2393 1235 2689 1295 extrema
2717 1236 2904 1314 parte

435 1351 606 1414 quae
627 1329 821 1412 periit
845 1329 1174 1394 adiectum
1206 1329 1404 1393 fuisse
1425 1329 1492 1392 id
1517 1329 1697 1411 quod
1727 1344 1899 1393 nunc
1924 1329 1991 1393 in
2014 1329 2376 1410 Menologio
2400 1330 2728 1395 Basiliano
2751 1331 2905 1413 legi-

428 1449 576 1493 mus
605 1431 626 1467 ¹
658 1435 748 1488 καὶ
781 1429 979 1500 ἐκλήθη
1006 1433 1036 1487 ὁ
1064 1431 1230 1495 τόπος
1253 1429 1438 1488 ἔκτοτε
1466 1430 1673 1503 Χῶναι,
1702 1429 2006 1510 equidem
2028 1447 2162 1492 non
2191 1428 2406 1494 habeo
2428 1449 2542 1493 cur
2566 1430 2903 1514 obloquar.

432 1528 713 1611 denique
737 1532 871 1591 tam
904 1530 1210 1591 constans
1244 1530 1344 1591 est
1385 1547 1505 1609 per
1546 1526 1754 1591 multa
1785 1527 2048 1591 saecula
2075 1528 2390 1592 memoria
2413 1530 2705 1616 miraculi
2735 1530 2905 1594 Choss

430 1627 531 1691 nis
559 1627 821 1709 patrati,
851 1631 992 1690 tam
1017 1626 1348 1690 celebrata
1376 1626 1605 1708 templi
1635 1626 1999 1690 Chonensis
2033 1626 2328 1704 fam‘a,<ut
2369 1627 2573 1692 multo
2600 1629 2907 1693 uideatur

429 1746 589 1791 uero
640 1726 916 1789 similius
955 1725 1037 1789 de
1093 1725 1218 1790 hoc
1277 1725 1530 1806 pridem
1582 1725 1821 1789 librum
1876 1744 2019 1788 esse
2076 1726 2516 1808 conscriptum
2566 1747 2764 1808 quam
2823 1727 2905 1792 de

431 1825 780 1890 oratoriolo
839 1824 1172 1906 ceteroqui
1228 1844 1512 1906 prorsus.
1562 1824 1804 1905 ignom.
1861 1825 2180 1905 templum
2240 1825 2508 1906 quidem
2562 1826 2904 1892 Chonense

432 1924 764 1989 Michaelis
792 1923 1162 2003 archangeli
1194 1922 1688 1987 celeberrimum
1723 1927 2096 1987 memorant
2116 1924 2581 1988 Constantinus
2609 1925 2905 2011 Porphy-

435 2027 828 2105 rogennetus
852 2022 878 2059 2
910 2044 925 2085 t
949 2024 1132 2081 Χῶναι
1160 2026 1223 2080 οὔ
1247 2023 1355 2080 ἔστι
1382 2026 1505 2087 ναὸς
1528 2022 1812 2101 διαβόητος
1842 2031 1938 2080 τοῦ
1970 2024 2313 2104 ἀρχαγγέλου
2345 2025 2591 2106 Μιχαήλ,
2626 2029 2690 2088 et
2718 2025 2906 2090 Nice-

436 2125 540 2186 tas
579 2122 901 2186 ChOniata
930 2121 956 2158 3
997 2143 1012 2184 t
1052 2125 1144 2179 τὸν
1201 2121 1594 2202 ἀρχαγγελικὸν
1646 2126 1770 2179 ναὸν
1813 2123 1986 2180 εἰσιών
2031 2120 2239 2201 μεγέθει
2275 2124 2530 2202 μέγιστον
2574 2129 2665 2183 καὶ
2721 2125 2908 2186 κάλλει

439 2222 720 2281 κάλλιστον
749 2221 873 2279 ὅντα
904 2226 994 2278 καὶ
1023 2223 1318 2297 θαυμασίας
1340 2224 1522 2302 χειρὸς
1547 2220 1723 2301 ἔργον,
1752 2222 1816 2284 et
1839 2220 2116 2283 Ioannes
2137 2219 2416 2302 Scylltza
2436 2221 2465 2259 4
2484 2226 2609 2288 τοὺς
2632 2225 2905 2306 Τούρκους

438 2324 532 2392 τὴν
578 2321 628 2378 ἐν
649 2321 861 2384 Χώναις
902 2318 1173 2381 πολιτείαν
1217 2324 1307 2377 καὶ
1350 2319 1509 2376 αὐτὸν
1532 2322 1621 2376 τὸν
1650 2321 1970 2399 περιβόητον
2002 2321 2053 2376 έν
2092 2320 2322 2397 θαύμασι
2352 2316 2442 2378 {tal
2485 2323 2906 2400 ἀναθήμασι·τοῦ

438 2422 871 2502 ἀρχιστρατήγου
893 2423 1016 2476 ναὸν
1038 2416 1359 2495 καταλαβεῖν
1389 2420 1442 2475 ἐν
1474 2420 1791 2498 μαχαίρᾳ...
1828 2422 2043 2476 ἱππῶνα
2070 2421 2163 2476 τὸν
2189 2421 2488 2481 πάνσεπτον
2519 2421 2907 2501 ἐργασαμένους

435 2520 580 2589 ναόν,
596 2517 881 2580 Zonaras
908 2516 1188 2598 denique
1213 2516 1323 2598 qui
1345 2515 1604 2579 loannis
1634 2515 1838 2580 uerba
1868 2515 2174 2580 describit
2204 2517 2249 2581 5.
2278 2521 2477 2600 atque
2500 2518 2734 2583 eodem
2760 2519 2904 2586 loco

437 2615 822 2680 miraculum
854 2614 1097 2679 factum
1151 2633 1294 2677 esse
1323 2614 1581 2678 Ioannis
1609 2613 1925 2697 Scylitzae
1954 2615 2162 2678 uerba
2193 2616 2389 2680 modo
2420 2617 2640 2683 adlata
2663 2619 2906 2701 signifi-

440 2718 590 2779 cant
615 2717 936 2796 περιβόητον
970 2716 1022 2772 ἐν
1052 2715 1282 2791 θαύμασι
1306 2717 1370 2777 et
1393 2733 1561 2795 quae
1585 2714 1784 2796 paulo
1813 2718 1961 2796 post
1987 2718 2350 2797 sequuntur
2376 2721 2473 2782 τὰς
2501 2726 2597 2779 τοῦ
2620 2721 2903 2801 χάσματος

439 2818 710 2895 σήραγγας
763 2815 813 2871 ἐν
852 2817 999 2894 ᾧπερ
1045 2818 1096 2871 οἱ
1145 2814 1535 2894 παραρρέοντες
1589 2818 1829 2892 ποταμοὶ
1879 2816 2047 2873 ἐκεῖσε
2102 2815 2463 2897 χωνευόμενοι
2513 2817 2597 2876 διὰ
2657 2828 2753 2889 τῆς
2812 2827 2906 2878 τοῦ

439 2906 876 2997 ἀρχιστρατήγου
903 2912 1137 2978 παλαιᾶς
1162 2912 1442 2989 ἐπιδημίας
1466 2917 1558 2971 καὶ
1580 2915 1867 2989 θεοσημίας
1891 2916 1966 2978 ὡς
1991 2912 2075 2971 διὰ
2096 2922 2327 2993 πρανοῦς
2350 2915 2609 2973 ἀστατοῦν
2638 2921 2699 2975 τὸ
2733 2919 2907 2997 ῥεῦμα·

440 3014 530 3071 καί
551 3012 666 3070 λίαν
695 3010 986 3092 εὔδρομοῦν
1016 3011 1222 3092 ἔχουσι.
1257 3010 1432 3074 idem
1457 3014 1714 3075 constat
1734 3010 2223 3093 Metaphrastae
2254 3015 2320 3075 et
2346 3012 2586 3077 Sisinni
2613 3015 2908 3079 testimo-

442 3109 567 3177 niis
618 3110 645 3146 ⁶
674 3129 750 3173 ac
789 3108 1168 3191 menologiis
1201 3109 1626 3175 Graecorum.
1678 3110 1961 3192 denique
1988 3110 2251 3174 Manuel
2281 3110 2648 3176 Comnenus
2679 3113 2703 3151 ⁷
2731 3113 2907 3178 diem

441 3212 696 3273 sextum
729 3207 1115 3290 septembris
1139 3209 1308 3273 inter
1327 3229 1438 3274 eos
1460 3211 1755 3274 recenset
1784 3228 1949 3290 quos
1970 3209 2212 3291 partim
2243 3209 2508 3274 feriatos
2539 3231 2681 3275 esse
2703 3213 2907 3278 uoluit

442 3309 525 3367 ὅτι
547 3309 598 3367 ἐν
627 3310 765 3386 αὐτῇ
795 3311 856 3367 τὸ
887 3310 938 3366 ἐν
960 3309 1168 3373 Χώναις
1198 3318 1292 3367 τοῦ
1316 3311 1749 3391 ἀρχιστρατήγου
1774 3308 1996 3390 Μιχαὴλ
2025 3313 2204 3385 θαῦμα
2252 3311 2736 3391 τετερατοόργηται
2758 3311 2803 3375 ⁸.
2838 3311 2908 3376 hi

442 3425 669 3471 omnes
693 3406 1102 3486 Chaeretopa
1133 3426 1401 3487 prorsus
1430 3407 1749 3489 ignorant.

525 3504 674 3582 Quo*
698 3510 892 3586 pacto
923 3508 1145 3567 autem
1169 3505 1234 3567 id
1263 3524 1506 3569 nomen
1533 3506 1600 3569 in
1630 3505 1865 3570 librum
1897 3505 2204 3587 anonymi
2233 3505 2509 3571 inlatum
2540 3508 2622 3572 sit
2650 3528 2785 3574 non
2816 3510 2909 3575 ita

445 3603 703 3668 difficile
734 3606 833 3667 est
863 3603 1193 3684 indagare.
1224 3603 1524 3686 equidem
1555 3624 1689 3668 non
1721 3603 1947 3669 dubito
1977 3605 2134 3686 quin
2165 3624 2245 3669 ex
2268 3606 2430 3669 actis
2461 3608 2909 3688 apostolorum

444 3702 836 3784 apocryphis
868 3703 1334 3783 transcriptum
1363 3703 1464 3767 sit.
1494 3703 1563 3767 id
1584 3724 1743 3768 uero
1771 3704 1884 3767 uix
1911 3703 2052 3767 fieri
2075 3703 2286 3785 potuit
2334 3704 2457 3769 nisi
2488 3706 2572 3769 ab
2601 3726 2677 3771 eo
2708 3708 2910 3790 scrip-

442 3805 586 3866 tore
616 3803 729 3884 qui
751 3802 940 3882 longe
965 3802 1050 3865 ab
1074 3799 1197 3865 illis
1218 3801 1396 3880 lociS,
1417 3803 1600 3867 uelut
1621 3803 2200 3884 Constantinopoli,
2220 3804 2567 3883 habitaret,
2594 3807 2906 3888 templum

445 3904 664 3966 autem
678 3900 1023 3965 Chonense
1044 3902 1524 3984 peregrinando
1546 3906 1805 3967 tantum
1827 3902 2101 3966 uidisset
2122 3921 2242 3967 nec
2264 3908 2483 3967 cetera
2504 3905 2646 3968 loca
2666 3907 2909 3989 circum

529 4127 553 4164 ¹
582 4133 666 4188 Cf.
710 4150 877 4204 supra
928 4152 983 4203 p.
1021 4150 1159 4189 xvn.
1195 4165 1275 4173 --
1317 4128 1343 4166 2
1374 4137 1456 4188 De
1502 4135 1730 4191 themat.
1759 4137 1799 4191 1.
1835 4138 1860 4190 Ι
1893 4156 1948 4207 p.
1986 4139 2020 4192 8
2047 4136 2107 4211 (t.
2136 4139 2215 4193 III
2238 4156 2293 4209 p.
2342 4141 2440 4204 24,
2472 4140 2506 4195 8
2552 4141 2777 4216 Bonn.).
2825 4176 2908 4214 ε-

446 4208 474 4247 3
509 4215 595 4268 De
629 4216 789 4269 Man.
841 4216 1032 4270 Comn.
1081 4217 1122 4270 l.
1174 4217 1247 4272 VI
1297 4236 1354 4288 p.
1416 4217 1530 4272 115
1583 4215 1658 4289 (p.
1717 4219 1859 4283 230,
1918 4221 1994 4274 ‘22
2040 4220 2265 4296 Bonn.).
2321 4253 2403 4261 —-
2437 4218 2465 4254 4
2507 4224 2787 4295 Excerpta
2838 4245 2909 4282 ex

445 4298 728 4352 breuiario
751 4297 1011 4352 historico
1046 4299 1128 4352 10.
1158 4299 1247 4353 Sc.
1292 4318 1348 4370 p.
1403 4300 1543 4363 834,
1584 4302 1808 4358 Patrol.
1844 4320 1940 4369 9⁷⁴-
1977 4304 2313 4373 ed.AMigne,
2348 4311 2391 4359 t.
2429 4306 2637 4361 CXXII
2686 4327 2742 4379 p.
2788 4309 2906 4365 416

449 4378 513 4434 C.
561 4410 642 4417 -—
672 4374 699 4411 5
733 4378 828 4444 18,
870 4380 943 4434 12
971 4386 1014 4434 t.
1049 4381 1102 4435 II
1130 4399 1186 4452 p.
1219 4382 1330 4436 281
1361 4380 1422 4454 (t.
1457 4382 1534 4437 IV
1562 4400 1618 4453 p.
1658 4383 1797 4448 211,
1829 4384 1864 4439 3
1898 4385 2149 4459 Dindorf)
2180 4386 2331 4462 φήμη
2364 4407 2442 4448 τις
2470 4387 2722 4463 γενομένη
2769 4389 2844 4452 ὡς
2874 4391 2907 4457 ἦ

449 4457 501 4515 ἐν
551 4455 762 4521 Χώναις
804 4457 1044 4516 πολιτεία
1095 4463 1185 4516 καὶ
1232 4463 1294 4518 τὸ
1338 4460 1447 4517 ἐκεῖ
1500 4469 1598 4518 τοῦ
1650 4464 2083 4542 ἀρχιστρατήγου
2132 4467 2452 4544 περίπυστον
2523 4469 2741 4544 τέμενος
2798 4478 2909 4534 τοῖς

451 4539 740 4618 βαρβάροις
790 4541 1171 4620 παρείληπται.
1204 4579 1286 4586 -
1316 4540 1343 4577 ⁶
1373 4547 1456 4602 Cf.
1503 4565 1672 4618 supra
1701 4566 1756 4619 p.
1793 4565 1832 4603 x
1863 4567 1942 4604 SS.
1986 4578 2069 4589 -α
2100 4544 2124 4582 ⁷
2155 4552 2239 4606 Cf.
2276 4571 2445 4624 supra
2475 4571 2530 4624 p.
2576 4572 2671 4610 xw
2701 4575 2774 4613 ss,
2831 4587 2908 4596 —

447 4618 476 4657 ⁸
501 4626 775 4680 Manuelis
805 4626 997 4682 Comn.
1047 4630 1304 4700 nouellae
1345 4634 1776 4696 constitutione-3,
1813 4633 2037 4690 Patrol.
2061 4651 2158 4703 qr.
2178 4636 2263 4692 ed.
2294 4636 2505 4705 Migne,
2539 4643 2584 4692 t.
2615 4638 2910 4693 CXXXIII

448 4725 510 4778 p.
540 4709 658 4768 757
691 4710 736 4762 D
759 4711 828 4762 de
848 4711 1038 4764 diebus
1065 4714 1287 4781 feriatis
1313 4705 1365 4784 β’
1387 4710 1446 4765 αἳ
1462 4731 1522 4786 γε
1546 4711 1650 4785 μὴν
1670 4712 1734 4766 τὸ
1749 4708 2086 4791 δικαστήριον
2109 4713 2217 4770 ἀπὸ
2246 4716 2441 4794 μέρους
2461 4714 2905 4797 σχολάζουσαι...

449 4789 485 4856 ἡ
505 4782 558 4857 ς’
585 4794 683 4844 τοῦ
711 4790 1068 4867 σεπτεμβρίου
1114 4793 1303 4866 μηνός,
1337 4791 1421 4848 ὅτι
1456 4791 1508 4849 ἐν
1545 4791 1682 4868 αὐτῇ
1713 4790 1837 4854 κτλ.
2858 4835 2863 4841 -
