3650 5684
1765 798 2045 866 CAPVT
2087 799 2189 863 III.
2263 785 2270 793 ⁴

1375 998 1470 1063 Dr:
1512 1000 1740 1063 lolium:
1782 1019 1860 1063 ET
1902 999 2193 1064 Pfflmrpo
2235 988 2578 1064 msa-oms.

829 1195 961 1261 Cur
1003 1197 1087 1261 ab
1118 1197 1430 1278 apostolis
1452 1197 1732 1280 primam
1755 1197 1849 1261 rei
1879 1198 2262 1262 memoriam
2294 1198 2569 1281 scriptor
2591 1198 2924 1280 repetierit
2944 1217 3080 1263 non
3105 1199 3205 1262 est

747 1295 924 1377 quod
939 1300 1476 1377 quaeratur.nam
1492 1316 1641 1360 cum
1664 1314 1857 1378 aegre
1879 1297 2262 1362 miraculum
2284 1296 2443 1361 illud
2467 1301 2806 1380 acceptum
2837 1297 2911 1361 iri
2937 1297 3205 1361 sentiret

749 1394 832 1458 de
859 1414 990 1476 quo
1011 1414 1206 1459 nemo
1243 1395 1593 1478 quicquam
1638 1399 1794 1460 ante
1838 1395 2036 1460 fando
2066 1396 2376 1474 audisset,
2406 1396 2596 1460 simul
2626 1415 2846 1461 rerum
2876 1399 3204 1479 gestarum

746 1493 1155 1558 maiestatem
1183 1498 1380 1576 atque
1410 1495 1575 1559 adeo
1600 1495 1812 1578 ipsam
1836 1495 2033 1559 fidem
2058 1495 2248 1559 sciret
2277 1498 2604 1559 uetustate
2634 1496 2872 1577 augeri,
2896 1495 3204 1578 quoniam

744 1611 789 1656 a
836 1593 1063 1673 priscis
1112 1593 1232 1656 illis
1276 1613 1611 1658 sacrorum
1663 1594 2164 1658 christianorum
2221 1595 2763 1676 propagatoribus
2820 1594 3205 1658 miraculum

745 1694 1080 1773 patratum
1109 1712 1253 1756 esse
1276 1712 1409 1756 non
1430 1697 1688 1774 poterat
1717 1693 2079 1775 legentibus
2105 1693 2763 1774 persuadere,saltem
2796 1693 3204 1775 praedictum

745 1804 889 1854 esse
912 1778 1350 1855 adseuerauit.
1380 1791 1753 1874 Philippum
1784 1795 2004 1856 autem
2039 1796 2101 1855 et
2153 1791 2464 1856 Ioannem
2495 1792 2910 1874 potissimum
2938 1796 3013 1857 ut
3057 1792 3207 1857 huic

744 1890 996 1953 muneri
1016 1890 1400 1971 praeficeret
1420 1891 1583 1955 haec
1607 1893 1807 1956 cau'sa
1837 1891 1953 1955 fuit
1980 1891 2161 1974 quod
2184 1892 2249 1955 in
2274 1892 2433 1956 actis
2464 1892 2907 1973 apostolorum
2937 1911 3206 1974 apocry-

742 1987 888 2070 phis
917 1989 1058 2052 illos
1088 1989 1491 2071 Hierapolim
1522 1991 1779 2055 uenisse
1809 1991 2071 2073 legerat.
2104 1994 2252 2055 acta
2281 1991 2539 2054 Ioa‘nnis
2567 1991 2730 2055 haec
2757 1990 2956 2055 fuisse
2993 1990 3205 2054 Theo-

744 2087 943 2151 dorus
995 2089 1176 2152 Zahn
1248 2089 1370 2151 sibi
1433 2090 1756 2171 persuasit
1795 2091 1836 2154 1.
1887 2092 2125 2154 rectius
2184 2094 2258 2154 ut
2310 2090 2470 2154 solet
2523 2090 2834 2154 iudicauit
2885 2089 3204 2154 Ricardus

743 2186 1138 2251 Adalbertus
1174 2188 1429 2269 Lipsius
1460 2189 1485 2226 2
1529 2209 1607 2253 ex
1652 2190 1812 2252 actis
1857 2189 2136 2272 Philippi
2186 2189 2295 2253 illa
2342 2189 2578 2254 hausta
2609 2208 2770 2253 esse.
2815 2208 2969 2252 nam
3013 2189 3203 2253 huius

745 2287 1078 2370 propriam
1110 2287 1400 2368 quodam
1423 2288 1620 2351 modo
1644 2293 1709 2352 et
1730 2289 2121 2377 peculiarem
2145 2288 2549 2370 prouinciam
2575 2288 2979 2369 Hierapolim
3006 2287 3203 2352 fuisse

744 2384 992 2449 multae
1035 2388 1330 2448 actorum
1360 2385 1616 2449 illorum
1645 2387 1958 2468 reliquiae
1989 2391 2052 2450 et
2089 2386 2198 2450 alii
2227 2387 2573 2468 scriptores
2620 2387 2732 2470 qui
2764 2386 2870 2450 illa
2915 2386 3203 2468 legerant

745 2476 1068 2548 testantur
1091 2484 1118 2521 3
1140 2488 1205 2547 et
1243 2485 1503 2548 uenisse
1528 2478 1773 2549 'eodem
1817 2485 2127 2551 Ioannem
2157 2485 2223 2548 in
2268 2486 2429 2549 actis
2472 2485 2595 2549 illis
2626 2485 2821 2549 etiam
2851 2504 3024 2550 nunc
3052 2483 3206 2566 legi-

742 2586 850 2646 tur
872 2583 916 2646 ⁴.
949 2587 1147 2666 atque
1176 2582 1340 2648 haec
1379 2584 1646 2665 quidem
1675 2589 1819 2648 acta
1852 2603 1893 2648 a
1920 2585 2234 2666 scriptore
2273 2585 2666 2649 narrationis
2710 2584 3032 2666 exscripta
3062 2603 3204 2648 esse

740 2681 1026 2745 Zahnius
1072 2702 1190 2751 suo
1234 2683 1374 2746 iure
1424 2702 1666 2764 negare
1709 2684 1988 2761 uidetur,
2020 2684 2329 2765 quoniam
2387 2684 2453 2749 in
2505 2683 2664 2749 actis
2716 2683 3016 2765 Philippo
3071 2683 3212 2774 iam·

738 2781 1051 2845 morituro
1081 2781 1353 2845 Ioannes
1404 2802 1797 2859 succurrere,
1843 2783 1911 2864 in
1946 2783 2322 2847 narratione
2380 2782 2461 2847 de
2510 2781 2840 2847 Michaelis
2891 2781 3199 2847 miraculo

740 2880 917 2945 idem
950 2900 1099 2958 cum
1120 2880 1422 2962 Philippo
1445 2883 1600 2946 uiuo
1626 2886 1701 2946 ut
1723 2883 1885 2946 alias
1908 2883 2102 2946 urbes
2127 2883 2323 2946 obeat
2346 2881 2677 2963 Hierapoli
2708 2881 2928 2964 egredi
2952 2881 3201 2946 dicitur.

742 2999 1146 3062 quamquam
1169 2980 1327 3044 nihil
1356 2981 1575 3045 obstat
1604 2983 1954 3063 quominus
1983 2983 2114 3046 iam
2151 2986 2347 3046 antea
2375 2981 2688 3045 Ioannem
2718 3000 2866 3044 cum
2896 2979 3197 3063 Philippo

737 3079 1070 3160 Hierapoli
1102 3081 1519 3144 coniunctum
1552 3080 1747 3145 fuisse
1782 3085 1929 3146 acta
1972 3081 2380 3145 tradiderint.
2410 3081 2630 3159 imme,
2655 3080 2832 3164 quod
2861 3079 3224 3162 Philippus·

743 3198 781 3242 a
812 3178 1316 3243 Bartholomaeo
1349 3180 1602 3261 quaerit
1631 3181 1657 3219 ⁵
1699 3181 1812 3245 ubi
1855 3181 1938 3244 sit
1982 3180 2049 3244 in
2092 3179 2376 3262 periculo
2422 3199 2541 3244 suo
2571 3180 2867 3256 IoanneS,
2899 3197 2975 3243 eo
3006 3178 3197 3258 signi-

739 3277 937 3341 ficare
960 3276 1220 3341 uidetur
1249 3278 1430 3341 illum
1468 3279 1599 3342 iam
1651 3282 1850 3343 antea
1892 3278 2139 3343 socium
2187 3274 2388 3341 suum
2427 3277 2624 3341 fuisse
2653 3277 2822 3341 inter
2870 3276 3200 3357 apostolos

737 3376 1148 3459 peculiarem.
1193 3379 1262 3439 at
1303 3379 1463 3454 estc,
1494 3396 1625 3440 non
1673 3378 1760 3440 ad
1789 3379 2068 3441 uerbum
2117 3377 2222 3441 ille
2246 3380 2393 3441 acta
2421 3376 2703 3458 Philippi
2747 3374 3204 3456 exscripserit:

737 3494 871 3538 non
900 3475 1193 3556 sequitur
1221 3478 1290 3538 ut
1322 3495 1405 3538 ne
1448 3496 1552 3540 res
1584 3477 1850 3558 quidem
1884 3497 1963 3542 ex
1990 3477 2066 3540 iis
2096 3476 2386 3540 hauserit
2408 3476 2524 3540 sed
2550 3475 2708 3539 alios
2740 3475 2949 3538 fontes
2972 3472 3207 3537 adierit

739 3573 920 3637 uelut
942 3579 1089 3638 acta
1122 3573 1384 3638 Ioannis
1430 3575 1809 3639 uetustiora
1837 3579 1911 3639 ut
1939 3576 2075 3639 uolt
2102 3574 2404 3639 Zahnius.
2436 3594 2568 3638 non
2596 3574 2812 3656 grauis
2843 3572 3110 3638 alicuius
3139 3573 3206 3635 et

739 3671 912 3736 docti
955 3692 1175 3736 rerum
1206 3673 1539 3754 scriptoris
1574 3674 1772 3737 fidem
1809 3675 2129 3756 integram
2159 3674 2607 3756 intactamque
2650 3692 2809 3755 prae
2852 3691 2923 3735 se
2954 3670 3206 3735 ferebat

740 3772 851 3853 qui
880 3773 1097 3834 cetera
1135 3772 1356 3835 omnia
1387 3772 1618 3836 leuiter
1661 3792 1741 3836 ex
1776 3793 1953 3837 uano
1996 3773 2200 3851 finxit,
2231 3792 2443 3856 neque
2496 3772 2738 3836 euoluit
2786 3775 2926 3835 tum
2978 3773 3206 3834 uetera

737 3869 1074 3935 uolumina
1092 3890 1241 3934 cum
1272 3870 1354 3934 de
1385 3872 1697 3952 apostolis
1729 3872 1895 3936 alius
1924 3872 2019 3936 rei
2065 3892 2262 3938 causa
2292 3864 2507 3954 pauCa
2548 3871 2876 3935 relaturus
2901 3872 3057 3934 erat.
3089 3868 3207 3932 sed

739 3988 890 4033 cum
918 3970 1321 4034 meminisset
1365 3991 1535 4053 quae
1571 3975 1772 4039 antea
1822 3972 2068 4053 legerat
2099 3972 2264 4037 duos
2315 3972 2455 4036 illos
2503 3970 2834 4052 apostolos
2872 3965 3207 4049 Hierapoli

741 4067 940 4131 fuisse
969 4072 1030 4132 et
1064 4069 1249 4132 alteri
1278 4069 1577 4151 uiperam
1607 4069 1787 4133 illam
1840 4071 2048 4135 multa
2096 4071 2358 4153 negotia
2388 4070 2746 4148 facessisse,
2778 4069 2937 4132 satis
2987 4067 3053 4131 id
3082 4066 3210 4131 sibi

740 4168 1105 4246 argumenti
1135 4187 1275 4232 esse
1308 4169 1490 4232 duxit
1520 4172 1594 4233 ut
1616 4173 1968 4252 utrumque
2000 4190 2150 4235 cum
2174 4170 2282 4234 illa
2326 4172 2728 4251 pugnantem
2776 4168 3112 4231 induceret
3141 4167 3209 4229 et

736 4265 905 4330 mira
945 4266 1055 4330 illa
1094 4268 1416 4332 horribilis
1445 4268 1767 4350 serpentis
1816 4268 2251 4351 descriptione
2287 4268 2637 4350 legentium
2689 4267 2943 4331 animos
2988 4264 3203 4329 oblec-

825 4511 847 4549 1
895 4518 1036 4572 Acta
1062 4520 1318 4585 Ioannis,
1368 4520 1642 4589 Erlangae
1690 4520 1870 4593 1880,
1904 4539 1961 4592 p.
1999 4538 2178 4576 Lxxx.
2224 4552 2304 4559 --
2338 4514 2365 4552 2
2392 4522 2499 4573 Die
2536 4520 2904 4590 apokryphen
2944 4519 3202 4589 Apostel-

730 4599 1083 4669 qeschichten
1109 4604 1232 4656 und
1258 4603 1754 4672 Apostelleyenden
1778 4604 1832 4657 II
1872 4604 1908 4657 2
1939 4601 2299 4676 (Brunsuicae
2334 4601 2509 4676 1884)
2540 4620 2596 4673 p.
2634 4603 2734 4658 24.
2768 4633 2849 4642 —-
2878 4596 2905 4635 3
2936 4602 3021 4657 Cf.
3059 4603 3204 4655 Acta

737 4692 913 4752 apost.
949 4701 1136 4753 apocr.
1167 4687 1254 4739 ed.
1300 4685 1667 4739 Tischendorf
1688 4703 1745 4757 p.
1781 4686 1860 4740 75
1891 4704 1966 4739 55.
1994 4706 2008 4753 3
2038 4686 2279 4757 LipsiuS,
2321 4687 2396 4740 D.
2444 4687 2645 4755 apokr.
2693 4684 3102 4754 Apostelyesch.
3150 4683 3206 4739 Π

739 4765 777 4820 2
805 4783 862 4836 p.
901 4765 978 4820 25
1009 4784 1054 4820 S.
1091 4798 1172 4805 —
1200 4761 1228 4799 4
1255 4769 1396 4821 Acta
1417 4785 1508 4837 ap.
1538 4785 1631 4838 ap.
1669 4768 1757 4822 ed.
1793 4768 2088 4823 Tischend.
2123 4787 2180 4839 p.
2217 4768 2293 4823 83
2325 4786 2400 4823 55.
2432 4762 2559 4807 —5
2590 4766 2725 4839 Cap.
2766 4767 2837 4823 21
2874 4785 2930 4839 p.
2972 4766 3071 4822 83.
