3650 5684
739 471 841 523 111
932 550 937 553 ,
1819 464 2051 524 GAPv'r
2100 473 2151 523 11

742 659 826 725 de
852 660 1167 725 Michaele
1196 661 1584 742 archangelo
1607 663 1921 727 concedet
1949 662 2343 744 quicumque
2373 662 2593 745 aliqua
2622 681 2850 728 eorum
2891 660 3118 743 legerit
3145 664 3211 726 et

739 778 860 824 nos
909 761 1223 842 appositis
1265 761 1436 826 infra
1477 762 1545 825 in
1587 762 2057 827 commentario
2094 762 2274 825 haud
2320 761 2548 844 paucis
2593 761 2854 826 illorum
2895 761 3211 825 librorum

739 857 896 923 locis
912 859 1259 924 simillimis
1290 860 1907 926 demonstrauimus.

823 958 968 1022 Hoc
1014 959 1210 1040 igitur
1262 963 1334 1023 ut
1390 978 1510 1042 pro
1568 961 1864 1024 confesso
1922 979 2279 1037 sumamUS,
2337 960 2469 1049 iam
2525 960 2887 1025 uidendum
2938 961 3036 1023 est
3082 976 3211 1040 quo

743 1061 1110 1139 temporum
1155 1058 1383 1123 ordine
1425 1078 1571 1123 sese
1613 1062 1747 1123 tres
1790 1059 1938 1123 illae
1980 1060 2391 1124 narrationes
2421 1060 2763 1141 excipiant,
2796 1077 2966 1142 quae
2997 1077 3037 1121 a
3080 1076 3211 1140 quo

741 1157 1057 1238 scriptore
1101 1157 1384 1239 expilata
1426 1177 1571 1222 esse
1611 1158 1932 1222 uideatur.
1963 1178 2041 1223 ac
2069 1159 2290 1223 statim
2335 1161 2409 1223 ut
2447 1158 2661 1223 dicam
2708 1159 2868 1241 quid
2911 1157 3210 1235 sentiam,

740 1256 931 1337 longe
961 1258 1480 1340 antiquissimam
1510 1262 1668 1340 puto
1702 1258 2151 1322 narrationem
2193 1258 2334 1322 sine
2364 1258 2693 1341 scriptoris
2721 1257 2986 1321 nomine
3010 1255 3212 1320 tradi-

742 1359 902 1420 tam.
936 1376 1017 1420 ex
1059 1375 1138 1420 ea
1165 1357 1452 1440 Symeon
1493 1376 1598 1421 res
1645 1358 1987 1439 excerpsit,
2014 1358 2223 1422 uerba
2265 1357 2501 1435 attulit,
2531 1356 2766 1438 quibus
2797 1354 3211 1431 abundabat3

743 1454 1024 1536 denique
1037 1454 1356 1520 Sisinnius
1376 1475 1637 1537 quoque
1657 1456 2422 1521 ueteremvnarrationem
2446 1455 2820 1538 compilauit
2843 1475 2921 1519 eo
2935 1454 3211 1519 fortasse

741 1555 1035 1634 tempore
1063 1556 1136 1617 ut
1162 1554 1609 1635 Metaphrasta
1638 1555 1802 1619 libro
1828 1556 1964 1619 eius
1986 1557 2082 1620 uti
2110 1557 2412 1638 potuerit.

824 1651 920 1715 De
950 1652 1273 1734 Symeone
1317 1654 1429 1717 uix
1473 1657 1572 1717 est
1622 1655 1801 1736 quod
1853 1655 2242 1743 disputetur..
2286 1656 2443 1720 satis
2488 1655 2654 1719 inter
2697 1673 2926 1718 omnes
2958 1654 3211 1716 constat

741 1750 903 1815 nihil
926 1752 1010 1815 ab
1041 1770 1116 1815 eo
1145 1771 1464 1833 umquam
1492 1752 1830 1817 inuentum
1857 1773 2001 1818 esse
2022 1758 2286 1836 praeter
2306 1756 2531 1833 uerba,
2555 1754 2856 1836 aquibus
2878 1750 3211 1816 mutandis

742 1849 900 1914 dum
922 1869 1025 1913 res
1069 1850 1314 1914 alienas
1359 1851 1445 1915 ad
1488 1871 1558 1915 se
1599 1851 1910 1916 transfert
1952 1855 2147 1917 etiam
2178 1872 2416 1917 nomen
2456 1853 2718 1917 uidetur
2758 1852 3101 1934 accepisse.
3148 1852 3214 1914 et

718 1997 723 2000 .
742 1953 1092 2030 supersunt
1111 1968 1244 2013 non
1264 1950 1456 2030 pauci
1480 1950 1624 2014 libri
1647 1955 1901 2015 ueteres
1927 1971 2089 2033 quos
2110 1972 2378 2033 prorsus
2404 1952 2636 2016 eadem
2657 1952 2908 2017 ratione
2930 1951 3214 2032 interpo-

743 2046 925 2125 lauit,
948 2067 1169 2111 rerum
1193 2049 1411 2130 capita
1433 2049 1703 2113 strictim
1736 2051 2077 2131 attingenS,
2104 2050 2282 2115 inani
2309 2051 2662 2115 uerborum
2693 2050 2960 2115 flumine
2990 2047 3213 2111 omnia

742 2145 1142 2210 suffundens
1187 2146 1408 2229 itaque
1438 2168 1518 2212 ex
1549 2168 1627 2212 eo
1657 2169 1858 2231 quem
1894 2150 2231 2213 breuitatis
2262 2169 2459 2214 causa
2489 2169 2891 2230 anonymum
2921 2147 3211 2211 dicemus

744 2247 1069 2326 μετάφρασιν
1098 2245 1275 2310 illam
1316 2250 1646 2328 sumptam
1680 2266 1844 2326 esse,
1870 2267 2003 2312 non
2032 2268 2112 2313 ex
2140 2249 2265 2313 hac
2293 2267 2713 2330 anonymum,
2755 2246 2941 2312 facile
2985 2264 3211 2310 omnes

742 2345 1165 2409 consentient.
1197 2365 1597 2428 anonymum
1623 2350 2010 2423 autem,non
2043 2347 2399 2411 Sisinnium
2428 2348 2517 2411 illi
2548 2347 2883 2428 exemplar
2913 2346 3112 2409 fuisse
3139 2347 3214 2408 ut

741 2462 859 2525 per
887 2463 957 2507 se
984 2445 1123 2508 ueri
1166 2444 1435 2508 similius
1476 2450 1576 2509 est
1614 2447 1707 2509 ita
1751 2446 2090 2527 diligenter
2132 2446 2385 2527 singula
2412 2448 2617 2510 uerba
2647 2444 3001 2510 conferenti
3031 2441 3212 2508 haud

742 2541 938 2605 dubie
963 2544 1323 2624 apparebit.
1353 2563 1509 2608 nam
1539 2544 1839 2609 Bollandi
1870 2546 2080 2610 socius
2104 2545 2206 2609 cui
2230 2565 2400 2627 quae
2424 2546 2623 2609 edidit
2647 2563 2880 2627 graeca
2909 2543 3216 2607 uidentur

743 2639 1228 2722 Metaphrastae
1270 2643 1675 2723 praeluxisse
1717 2681 1798 2692 -
1838 2645 1929 2708 sic
1968 2645 2137 2708 enim
2170 2645 2457 2727 loquitur
2487 2681 2566 2690 —
2595 2648 2875 2725 nugatur
2918 2647 2984 2706 et
3026 2661 3216 2706 suam

741 2758 1028 2804 mercem
1076 2741 1395 2805 uenditat.
1441 2743 1665 2824 itaque
1697 2744 1918 2807 statim
1966 2743 2051 2807 ab
2100 2744 2283 2807 initio
2312 2743 2706 2808 narrationis
2736 2744 2835 2821 20,
2873 2742 2948 2805 19
2976 2741 3216 2823 Symeo

744 2855 893 2901 cum
923 2857 1250 2922 anonymo
1280 2839 1478 2905 refert
1502 2841 1875 2924 Philippum
1905 2842 2311 2925 Hierapolim
2335 2861 2709 2923 occupasse,
2726 2842 2878 2905 dein
2906 2840 3215 2904 Ioannem

742 2955 820 3000 eo
850 2935 935 3001 ad
979 2957 1130 3001 eum
1174 2938 1540 3018 aduenisse,
1573 2936 1894 3006 Sisinnius
1925 2941 1961 3023 ἓ
1993 2941 2030 3004 3
2073 2941 2384 3005 Ioannem
2414 2945 2637 3005 narrat
2682 2941 2941 3023 Epheso
2984 2939 3218 3003 Hiera-

740 3035 942 3116 polim
970 3035 1269 3119 Philippo
1298 3039 1533 3103 comite
1562 3039 1844 3104 uenisse:
1877 3046 2003 3111 ἧκεν
2034 3044 2107 3107 εἷς
2132 3030 2433 3122 Ἱεράπολιν
2465 3041 2921 3121 συμπαρειληφὼς
2951 3043 3043 3097 τὸν
3078 3040 3219 3097 ἀπό-

741 3136 931 3193 στολον
975 3136 1273 3214 Φίλιππον,
1318 3141 1394 3204 ὡς
1443 3140 1712 3198 κάνταῦθα
1752 3143 1845 3198 τὸν
1888 3151 1985 3211 τῆς
2029 3141 2259 3205 πίστεως
2308 3139 2467 3218 λόγον
2510 3136 2822 3217 κηρύξοντες
2848 3140 2872 3176 ¹
2902 3143 3068 3200 καὶ...
3094 3140 3220 3202 τοὺς

741 3234 1052 3310 ἀνθρώπους
1075 3234 1537 3314 ἐλευθερώσοντες.
1567 3236 1683 3300 sed
1705 3237 1829 3301 hoc
1851 3256 1985 3300 non
2013 3257 2213 3318 urgeo
2238 3238 2551 3319 quoniam
2589 3242 2662 3302 ut
2690 3241 2840 3318 post
2879 3235 3221 3300 docebitur

745 3329 828 3395 de
850 3330 1151 3414 Philippo
1183 3333 1445 3398 aliunde
1481 3334 1720 3417 Symeo
1750 3339 2157 3417 compertum
2180 3336 2424 3400 habere
2448 3340 2723 3418 poterat.
2754 3339 2823 3399 at
2844 3336 2944 3413 22,
2976 3335 3060 3398 24
3078 3334 3180 3398 his
3205 3354 3221 3397 ε

745 3433 819 3495 ὡς
863 3432 963 3488 οὐκ
1007 3429 1252 3503 ἐπανήξει
1296 3433 1629 3511 λυπούμενος
1683 3434 1793 3499 illa
1844 3436 2154 3518 anonymi
2202 3435 2264 3512 4,
2307 3437 2347 3499 5
2398 3438 2461 3495 οὐ
2509 3441 2581 3513 μὴ
2628 3434 2839 3515 ἐξέλθῃς
2888 3434 3222 3512 λυπούμενος

749 3546 1057 3609 expressa
1089 3550 1230 3595 esse
1261 3532 1473 3613 quiuis
1502 3533 1702 3610 uidet,
1748 3554 1918 3616 quae
1948 3535 2211 3617 quidem
2241 3535 2483 3600 absunt
2513 3536 2596 3599 ab
2626 3534 2864 3598 Sisinni
2895 3534 2931 3616 ἓ
2963 3534 3022 3597 6.
3053 3533 3153 3611 23,
3183 3534 3224 3595 8

748 3627 945 3691 homo
979 3629 1384 3695 Laodicenus
1430 3635 1495 3694 et
1537 3634 1756 3697 oculos
1801 3638 1867 3697 et
1908 3653 2142 3697 manus
2187 3634 2273 3697 ad
2318 3635 2568 3698 caelum
2600 3634 2765 3697 tollit
2804 3638 2877 3697 ut
2914 3633 3223 3715 anonymi

746 3726 911 3806 4‚10,
942 3747 1177 3791 manus
1206 3731 1465 3793 tantum
1495 3731 1731 3795 Sisinni
1757 3732 1793 3814 ἓ
1824 3733 1881 3795 7.
1914 3733 2011 3808 23,
2051 3733 2120 3796 17
2154 3735 2429 3810 βάπτισμα
2563 3738 2654 3791 καὶ
2682 3733 2832 3791 οἴκου
2862 3732 2993 3791 ὅλου
3017 3755 3225 3813 προσα-

748 3830 928 3907 γωγή,
961 3826 1127 3891 haec
1155 3846 1289 3892 non
1318 3830 1580 3893 fortuito
1610 3850 1759 3895 cum
1790 3832 2101 3913 anonymi
2131 3832 2529 3909 conueniunt
2551 3833 2611 3909 4,
2639 3833 2714 3896 16
2745 3834 3035 3910 ἐβαπτίσθη
3061 3832 3223 3896 αὗτὸς

750 3930 841 3984 καὶ
881 3935 990 3991 πᾶς
1017 3930 1048 3984 ὁ
1078 3928 1224 3992 οἶκος
1254 3929 1442 4001 αὐτοῦ,
1475 3928 1587 3992 ubi
1616 3929 1940 3994 Sisinnius
1972 3931 2008 4013 ξ
2041 3931 2078 3994 7
2110 3932 2274 3995 haec
2301 3931 2545 3995 habet:
2577 3933 2956 4010 βαπτισθεὶς...
2982 3934 3220 3995 οὗτος...

750 4029 843 4083 καὶ
884 4029 934 4083 οἱ
975 4030 1099 4104 περὶ
1141 4027 1300 4085 αὐτὸν
1351 4030 1600 4093 ἅπαντες.
1657 4029 1774 4092 sed
1825 4029 2233 4094 manifestius
2283 4030 2865 4112 deprehenduntur
2913 4027 3224 4111 anonymi

749 4123 957 4186 uerba
986 4123 1085 4201 23,
1131 4123 1212 4187 26
1259 4136 1417 4205 γονῆς
1462 4126 1535 4183 ὢν
1578 4127 1855 4210 θεοφιλοῦς
1886 4134 1976 4187 καὶ
2021 4132 2168 4211 ῥίζης
2213 4129 2378 4194 ὅντως
2422 4133 2623 4209 ἀγαθῆς
2668 4133 2862 4210 ἀγαθὸν
2907 4130 3219 4207 βλάστημα,

750 4222 832 4286 cf.
856 4223 1165 4304 anonymi
1207 4224 1266 4302 5,
1295 4223 1334 4287 8
1377 4227 1558 4305 γένους
1585 4236 1785 4286 πιστῶν
1829 4234 1921 4287 καὶ
1958 4238 2297 4310 χριστιανῶν,
2333 4249 2611 4311 quorum
2656 4228 2832 4311 apud
2863 4228 3221 4292 Sisinnlum

750 4338 872 4385 nec
900 4321 1054 4384 uola
1100 4341 1222 4386 nec
1264 4324 1611 4406 uestigium
1655 4330 1889 4389 exstat.
1920 4327 2019 4404 24,
2057 4328 2256 4391 11-15,
2288 4327 2452 4391 duos
2493 4348 2718 4393 saccos
2754 4328 2822 4391 in
2862 4328 3071 4391 uicem
3102 4346 3223 4409 pro

752 4419 996 4483 uestitu
1026 4423 1092 4483 et
1113 4440 1233 4502 pro
1264 4426 1473 4487 stratu
1494 4423 1722 4489 haberi
1753 4426 1976 4489 solitos
2001 4427 2163 4490 sicut
2187 4445 2553 4508 anonymus
2584 4428 2642 4503 6,
2679 4429 2707 4490 1
2744 4446 2828 4490 ss.
2860 4428 3223 4490 memorat:

751 4517 1072 4612 Sisinnius
1103 4519 1139 4603 ἓ
1162 4520 1202 4584 8
1224 4539 1427 4585 unum
1458 4523 1725 4588 amictui
1754 4524 2140 4589 adhibitum.
2185 4525 2341 4589 item
2371 4525 2529 4603 25,4
2555 4545 2960 4607 paganorum
2987 4544 3223 4591 manus

752 4616 1000 4697 rigidae
1018 4619 1195 4711 ,fiunt
1218 4622 1290 4683 ut
1318 4621 1495 4702 apud
1531 4641 1934 4705 anonymum
1965 4624 2023 4701 9,
2056 4624 2126 4689 2;
2158 4624 2336 4706 apud
2363 4623 2718 4689 Sisinnium
2749 4626 2784 4709 ἓ
2812 4626 2881 4689 11
2917 4625 3223 4703 flammae

839 4815 863 4854 1
892 4816 1226 4899 Κηρύξαντες
1255 4825 1344 4881 ed.
1382 4827 1635 4881 Bolland.
