3650 5684
1519 453 1608 506 DE
1661 454 1861 508 LOCIS
2695 455 2923 508 XXXIII

460 647 749 712 sueuisse
782 646 925 730 quis
969 646 1354 710 mirabitur?
1398 644 1595 708 etiarn
1641 644 1881 708 circum
1903 643 2266 708 Turcorum
2294 645 2609 726 oppidum
2651 645 2918 711 maioris

451 746 794 829 quondam
817 745 999 810 urbis
1020 745 1294 826 uestigia
1324 743 1426 808 Fr.
1439 742 1509 807 V.
1524 743 1569 807 1.
1585 742 1897 807 Arundell
1926 742 2049 807 sibi
2071 742 2252 807 uisus
2275 747 2375 808 est
2402 744 2858 810 obseruauisse
2875 746 2918 810 1.

462 845 685 926 itaque
715 844 976 909 Chonas
1007 863 1084 908 eo
1133 842 1276 906 loco
1319 841 1452 906 iam
1487 840 1743 923 pridem
1792 840 1951 904 sitas
1994 840 2194 905 fuisse
2246 841 2357 923 qui
2407 841 2494 905 ad
2536 842 2711 907 hunc
2741 842 2916 908 diem

462 962 685 1009 earum
737 962 975 1007 nomen
1017 941 1302 1019 retinuit,
1352 944 1550 1024 atque
1581 958 1659 1004 eo
1703 958 1853 1005 cum
1884 940 2343 1021 inmigrassent
2395 940 2813 1007 Colossenses
2856 946 2922 1010 et

450 1061 582 1107 -sua
611 1042 830 1106 omnia
860 1041 1295 1118 contulissent,
1326 1059 1530 1104 unam
1558 1042 1625 1103 et
1654 1038 1935 1103 eandem
1964 1037 2194 1103 urbem
2218 1037 2478 1104 Chonas
2522 1044 2588 1104 et
2617 1039 2921 1106 Colossas

459 1143 807 1223 propterea
834 1160 874 1205 a
896 1139 1291 1223 quibusdam
1313 1138 1556 1203 dictam
1581 1136 1932 1220 essequod
1962 1137 2171 1202 altera
2207 1137 2393 1202 alteri
2432 1139 2921 1220 quodammodo

459 1239 1021 1317 successerit,·non
1049 1238 1189 1303 sine
1218 1237 1356 1303 ueri
1387 1235 1807 1302 similitudine
1836 1255 2190 1329 sumemus.

474 1380 478 1385 -
542 1338 674 1403 Sed
743 1338 1089 1402 redeamus
1139 1337 1228 1401 ad
1280 1336 1689 1418 Chaeretopa
1744 1334 1923 1400 unde
1983 1335 2193 1400 oratio
2266 1335 2548 1401 deflexit..
2599 1335 2923 1419 Ceretapa

448 1437 673 1520 -pris‘ca
694 1437 974 1501 nominis
998 1437 1208 1501 forma
1228 1435 1350 1500 fuit
1373 1455 1572 1519 quam
1588 1435 1801 1499 solam
1824 1435 1892 1498 in
1914 1434 2200 1499 nummis
2221 1434 2471 1500 inuenit
2502 1435 2736 1501 Eckhel
2746 1436 2843 1500 ius
2873 1435 2919 1515 ²,

461 1536 573 1620 qui
622 1537 785 1600 duos
817 1540 1112 1601 recenset
1141 1554 1442 1600 nummos
1473 1537 1863 1599 autonomos
1902 1534 2071 1614 δῆμος
2116 1535 2440 1615 Kapan-tt...
2476 1538 2542 1599 et
2569 1537 2922 1616 Κερεταπέων

459 1635 801 1716 inscriptos
824 1634 871 1712 ⁸,
921 1634 1372 1717 imperatorios
1416 1635 1547 1696 tres
1575 1634 1927 1714 Κερεταπέων
1958 1635 2020 1696 et
2050 1632 2443 1713 Διοκαισαρέων
2473 1634 2825 1710 Κερεταπέων
2855 1636 2921 1698 et

457 1733 833 1815 Ἱεραπολιτῶν
863 1734 1216 1814 Κερεταπέων
1248 1730 1513 1810 Ὃμόνοια
1539 1729 1586 1794 ⁴.
1619 1730 1954 1795 Hierocles
1993 1730 2279 1813 Κερετάπα
2307 1730 2476 1794 111191·
2514 1729 2812 1796 Colossas
2857 1733 2924 1796 et

459 1831 950 1896 Themisonium
981 1830 1275 1894 nominat
1303 1831 1348 1893 ⁵.
1394 1834 1624 1912 postea
1668 1848 1817 1895 cum
1848 1829 1916 1893 in
1957 1830 2241 1911 primore
2270 1829 2488 1894 littera
2527 1830 2922 1912 aspiratione

459 1929 1102 2006 uterentur‚'alteram
1132 1928 1536 2012 diphthongo
1565 1924 2023 2010 exprimerent,
2047 1928 2382 2015 postremo
2405 1949 2487 1993 ex
2514 1929 2636 1993 illis
2659 1929 2924 2012 syllabis

461 2049 631 2114 quae
661 2033 811 2093 sunt
841 2053 985 2088 ταπαι
1013 2047 1320 2110 graecum
1349 2027 1747 2092 uocabulum
1777 2027 2162 2100 effecissent.
2184 2028 2311 2093 hae
2335 2027 2643 2111 deinceps
2673 2030 2922 2095 formae

461 2126 882 2191 exstiterunt:
914 2127 1250 2206 Χαιρέταπα,
1283 2126 1592 2206 Χαιρέτοπα
1615 2125 1660 2203 ⁶,
1692 2127 1758 2189 et
1810 2124 1989 2207 quod
2039 2124 2273 2206 legitur
2326 2132 2391 2190 in
2441 2126 2690 2191 notitiis
2719 2128 2922 2209 Χαιρό-

459 2250 598 2286 tom
621 2224 675 2305 ⁷3
711 2224 796 2288 ad
841 2243 1006 2308 quas
1045 2223 1298 2289 accedit
1326 2244 1361 2288 e
1392 2222 1722 2288 codicibus
1752 2222 1870 2302 QA
1913 2224 2286 2306 argutulum
2332 2225 2489 2289 illud
2518 2227 2687 2307 Χαῖρε
2714 2228 2848 2286 'edm
2868 2225 2916 2291 ⁸.

460 2323 780 2406 Ceretapa
808 2324 912 2387 uel
944 2323 1377 2387 Diocaesarea
1403 2322 1562 2386 urbs
1607 2323 1728 2386 fuit
1775 2322 2098 2406 Phrygiae
2126 2323 2518 2388 Pacatianae
2549 2344 2751 2407 quam
2787 2343 2921 2390 non

456 2422 647 2504 longe
678 2441 719 2485 a
742 2420 1062 2486 Laodicea
1090 2420 1434 2503 metropoli
1463 2439 1586 2484 sua
1613 2439 1736 2484 nec
1765 2440 1805 2484 a
1849 2420 2152 2499 Colossis
2183 2426 2331 2504 post
2379 2441 2545 2504 quas
2589 2422 2920 2488 Hierocles

456 2540 602 2585 eam
645 2520 940 2584 nominat
969 2520 1013 2595 ⁹,
1056 2519 1249 2583 sitam
1291 2519 1489 2583 fuisse
1533 2522 2044 2584 consentaneum
2095 2524 2211 2584 est.
2248 2520 2330 2584 de
2360 2520 2498 2585 loco
2528 2521 2670 2604 ipso
2699 2521 2921 2587 uariae

455 2618 724 2684 fuerunt
744 2619 1033 2683 uirorum
1064 2618 1405 2682 doctorum
1430 2618 1858 2684 coniecturae.
1903 2618 1986 2682 de
2015 2617 2363 2684 Tchardak
2390 2621 2533 2684 uico
2564 2639 2711 2685 cum
2757 2621 2914 2687 olim

452 2718 870 2800 cogitauisset
897 2717 1216 2782 Henricus
1246 2716 1512 2799 Kiepert
1537 2717 1604 2795 ¹⁰,
1630 2717 1735 2782 W.
1746 2717 1831 2781 M.
1847 2717 2136 2801 Ramsay
2163 2718 2307 2783 Sari
2329 2718 2562 2783 Kauak
2592 2720 2913 2803 Ceretapa

455 2836 597 2882 esse
624 2816 835 2882 uoluit
859 2817 907 2855 11
928 2840 944 2893 ;
967 2816 1141 2880 idem
1169 2835 1379 2898 nuper
1408 2816 1852 2898 compluribus
1878 2821 1944 2880 et
1971 2817 2220 2882 idoneis
2252 2818 2333 2882 de
2357 2819 2568 2883 causis
2591 2819 2917 2902 Kayadibi

453 2916 685 2981 maluit
707 2916 757 2953 ¹2
785 2919 985 2998 atque
1009 2935 1157 2981 eam
1186 2915 1580 2980 sententiam
1602 2914 1909 2998 Kieperto
1938 2917 2247 2998 probauit
2271 2916 2339 2981 ¹²³.
2377 2918 2494 2982 sed
2523 2918 2747 2983 ubiubi
2779 2919 2918 2984 fue-

451 3016 604 3078 runt
626 3014 1055 3096 Chaeretopa‚
1078 3033 1295 3097 neque
1310 3013 1542 3078 eadem
1566 3013 1795 3078 ciuitas
1825 3034 1903 3078 ac
1925 3014 2191 3079 Chonae
2210 3034 2426 3096 neque
2449 3016 2587 3081 eius
2608 3016 2741 3081 ulla
2763 3036 2918 3100 pars

453 3113 845 3196 fuit‚quippe
874 3117 940 3178 et
967 3133 1271 3178 nummos
1295 3132 1449 3177 suos
1472 3112 1699 3177 habuit
1736 3113 1787 3151 ¹4
1824 3117 1890 3177 et
1916 3114 2253 3197 episcopos
2283 3115 2420 3179 eius
2442 3115 2746 3180 nouimus
2770 3119 2917 3182 octo

453 3213 539 3277 ab
561 3212 900 3277 Theodulo
924 3212 1037 3296 qui
1058 3213 1304 3277 Iouiani
1335 3215 1552 3276 aetate
1583 3212 1704 3276 fuit
1724 3212 1776 3250 ¹⁶
1789 3212 1874 3277 ad
1897 3213 2290 3296 Symeonem
2314 3213 2424 3295 qui
2447 3213 2732 3278 adfuisse
2761 3213 2920 3280 dici-

451 3314 559 3376 tur
586 3312 652 3375 in
681 3312 1183 3393 pseudosynodo
1208 3312 1529 3377 Photiana
1560 3311 1714 3376 anni
1744 3330 2151 3376 ncccnxxvun
2197 3312 2265 3376 ¹⁶.
2296 3331 2573 3395 quorum
2605 3331 2755 3377 cum
2783 3315 2917 3380 tres

540 3493 562 3530 ¹
596 3500 639 3552 A
692 3500 831 3552 Vis'it
867 3508 920 3551 to
949 3497 1039 3551 the
1066 3515 1227 3551 seven
1257 3497 1526 3554 chare-hes
1568 3503 1637 3571 of
1668 3501 1829 3564 Asia,
1866 3515 1923 3568 p.
1960 3499 2059 3553 97.
2093 3529 2175 3540 —
2217 3493 2243 3531 2
2271 3501 2462 3554 Doctr.
2513 3518 2673 3554 num.
2710 3506 2855 3571 part.
2890 3501 2918 3557 Ι

454 3581 569 3635 uol.
618 3581 698 3635 111
726 3599 783 3651 p.
825 3580 961 3635 143.
996 3609 1077 3621 —
1119 3574 1147 3612 ³
1178 3581 1246 3634 P.
1300 3580 1437 3635 143.
1474 3612 1555 3622 --
1582 3575 1612 3613 ⁴
1642 3583 1709 3637 P.
1765 3581 1915 3647 1433
1957 3581 2101 3648 1493
2143 3581 2279 3636 157.
2336 3612 2418 3620 -
2446 3577 2474 3614 ⁶
2501 3583 2830 3652 Synecdemi
2858 3600 2909 3638 c.

455 3662 532 3718 22
563 3660 789 3735 (legitur
817 3668 941 3732 post
971 3661 1256 3717 Constant.
1301 3663 1577 3735 Porphyr.
1606 3668 1649 3721 t.
1677 3664 1758 3719 III
1794 3682 1852 3734 p.
1890 3663 2032 3727 394,
2074 3663 2141 3718 11
2178 3662 2381 3734 Bonn.)
2409 3660 2644 3741 ἐπαρχία
2675 3662 2919 3740 Φρυγίας

452 3739 871 3810 Πακατιανῆς...
903 3738 1195 3799 Λαοδίκεια
1251 3740 1546 3819 Ἱεράπολις
1589 3743 1807 3800 Μόσυνα
1837 3739 2111 3799 ’Άττουδα
2154 3741 2593 3821 Τραπεζοιίπολις
2644 3743 2921 3802 Κολασσαί

453 3822 739 3902 Κερετάπα
769 3822 1159 3899 Θεμισόνιον...
1199 3857 1281 3865 —
1318 3821 1345 3857 ⁶
1374 3827 1459 3882 Cf.
1506 3828 1652 3882 infra
1694 3829 2079 3899 episcoporum
2107 3828 2347 3883 nomina.
2397 3860 2480 3868 ——-
2511 3823 2535 3861 ⁷
2570 3830 2920 3884 Graecorum

451 3915 688 3979 episcop.
735 3914 966 3964 notitiae
1005 3910 1093 3964 ed.
1152 3909 1316 3963 Goar.
1359 3910 1428 3963 ad
1469 3911 1677 3965 calcem
1719 3910 1937 3973 codini,
1984 3911 2162 3968 deser.
2210 3910 2401 3980 Migne
2448 3912 2675 3966 Patrol.
2719 3930 2817 3981 qr.
2868 3919 2912 3968 t.

456 3991 623 4047 CVII·
646 4010 701 4063 p.
753 3992 870 4047 377
905 3993 948 4046 B
977 3992 1036 4045 in
1072 3985 1215 4055 τάξει
1260 3988 1648 4068 προκαθεδρίας
1690 3998 1889 4064 quarto
1912 3994 2033 4046 loco
2059 3992 2359 4047 Laodiceae
2384 3994 2706 4063 metropolis
2736 4011 2920 4050 recen·

452 4080 606 4128 setur
633 4074 664 4127 ὁ
685 4070 1037 4149 Χαιροτόπων
1065 4071 1421 4146 (ἐπίσκοπος).
1454 4106 1536 4115 —-
1565 4069 1592 4107 ⁸
1617 4075 1675 4139 2,
1711 4076 1782 4130 17
1808 4076 1995 4129 adnot.
2033 4105 2114 4116 —-
2143 4070 2170 4107 ⁹
2197 4075 2283 4130 Cf.
2313 4093 2481 4146 supra
2503 4077 2690 4130 adnot.
2727 4076 2785 4131 5.
2835 4105 2917 4116 —-—

457 4150 509 4189 ¹⁰
536 4158 714 4210 Karte
753 4174 861 4210 von
889 4158 1240 4220 Kleinasien,
1275 4157 1464 4211 Berlin
1500 4158 1656 4213 1844
1697 4183 1709 4211 :
1749 4158 2071 4211 Tschardak
2101 4155 2386 4230 (Ceretapa
2410 4159 2453 4230 2)
2489 4189 2570 4198 —
2604 4154 2651 4189 ¹¹
2673 4159 2920 4213 Journal

454 4240 789 4309 ofHellem‘c
810 4240 1029 4294 Scudies
1057 4239 1133 4294 IV
1163 4238 1361 4313 (1883)
1386 4258 1442 4311 p.
1481 4240 1619 4294 403.
1639 4271 1720 4280 —
1753 4234 1803 4271 ¹²
1832 4241 2137 4294 American
2172 4240 2419 4299 Journal
2447 4243 2517 4311 of
2532 4241 2920 4312 Archaeoloyy

451 4320 533 4375 111
562 4318 760 4395 (1887)
785 4340 840 4392 p.
878 4321 996 4376 360
1020 4340 1067 4375 s,
1103 4353 1183 4362 —
1230 4314 1280 4354 ¹3
1309 4321 1394 4376 Cf.
1441 4323 1790 4376 Wandkarte
1811 4340 1919 4376 von
1940 4322 2377 4388 Altkleinasien,
2399 4324 2589 4377 Berlin
2625 4323 2804 4379 1888.
2838 4355 2921 4365 -

455 4397 508 4435 ¹⁴¹²
537 4403 621 4459 Cf.
670 4421 839 4474 supra
867 4423 925 4458 u.
963 4404 1021 4458 9.
1073 4434 1153 4443 —
1186 4399 1238 4436 ¹5
1266 4404 1606 4473 Philostorgi
1652 4405 1782 4459 hist.
1818 4405 1950 4459 eccl.
1978 4404 2037 4464 8.
2075 4404 2110 4459 2
2149 4406 2375 4459 Patrol.
2417 4423 2515 4475 qr.
2566 4407 2653 4460 ed.
2703 4406 2914 4476 Migne,

451 4490 495 4543 t.
525 4486 675 4540 LXV
704 4504 759 4556 p.
784 4487 901 4541 556
934 4487 978 4540 Β
1021 4484 1051 4541 ὁ
1097 4483 1205 4539 ἀπὸ
1246 4482 1604 4561 Χαιρατόπων
1633 4484 1697 4561 (2)
1730 4481 2070 4559 Θεόδουλος;
2106 4486 2348 4541 Socratis
2390 4488 2522 4543 hist.
2559 4490 2693 4548 eccl.
2731 4489 2790 4558 2,
2841 4488 2918 4545 40

452 4573 497 4622 t.
533 4568 736 4623 LXVII
778 4569 989 4638 Migne,
1025 4587 1082 4639 p.
1119 4569 1298 4624 344Β
1333 4563 1637 4623 Θεόδουλον
1665 4565 2021 4645 Χαιρετάπων
2049 4573 2146 4635 τῆς
2186 4564 2450 4645 Φρυγίας.
2504 4602 2586 4613 -
2632 4566 2682 4603 ¹⁶
2735 4571 2920 4625 Philo·

453 4650 629 4719 storgi
656 4650 714 4704 h.
765 4668 815 4709 e.
875 4651 934 4715 9,
976 4651 1047 4705 18
1078 4669 1134 4722 p.
1178 4652 1292 4706 581
1322 4651 1364 4706 C
1395 4646 1805 4717 τελευτήσαντος
1845 4644 2154 4705 Θεοδοόλου
2192 4655 2287 4705 τοῦ
2330 4650 2435 4706 ἀπὸ
2482 4649 2915 4729 Χαιρετάπων...

453 4729 505 4785 οἱ
542 4727 678 4808 ἀμφὶ
730 4732 823 4786 τὸν
891 4729 1150 4805 Εὐνόμιον
1208 4727 1501 4809 Καρτέριον
1532 4728 1793 4813 <ἂντἺ>
1836 4730 2003 4789 αὐτοῦ
2047 4739 2430 4811 χειροτονοῦσι.
2474 4739 2574 4789 τοῦ
2625 4731 2682 4789 δὲ
2730 4734 2921 4790 θᾶττον

453 4807 816 4876 τελειωθέντος
856 4807 1123 4893 ²1va
1166 4812 1607 4890 ἂντικαθιστῶσις
1645 4817 1832 4872 Labbe
1874 4822 1930 4872 et
1974 4815 2219 4882 Cossart,
2259 4817 2467 4873 Concil.
2505 4824 2549 4872 t.
2583 4818 2664 4873 111
2705 4835 2762 4889 p.
2800 4817 2914 4873 471
