3650 5684
1425 473 1514 526 DE
1566 474 1945 526 MIRACVLIS
2720 476 2924 529 XXVII

463 684 610 729 cum
652 663 813 729 illud
861 663 1147 746 procliue
1190 666 1364 729 esset
1413 683 1491 728 ac
1539 683 1751 746 paene
1799 668 1875 729 111
1924 664 2058 728 dixi
2106 667 2547 731 necessarium
2590 670 2663 730 ut
2703 666 2932 749 uolgus

461 764 846 828 Michaelem
873 763 1214 845 utriusque
1243 763 1537 828 miraculi
1569 767 1897 830 auctorem
1929 764 2321 845 perhiberet,
2333 764 2445 847 qui
2466 766 2557 830 ita
2580 768 2931 849 utrumque

464 863 795 928 coniunxit
840 865 915 926 ut
963 862 1196 926 eodem
1245 865 1542 944 ternpore
1586 866 1651 927 et
1696 863 1930 927 eadem
1979 862 2062 927 de
2106 883 2305 928 causa
2353 864 2599 929 factum
2641 864 2932 946 fingeret,

445 962 707 1045 ‘quique
735 981 874 1026 rem
918 961 1008 1026 ita
1038 960 1402 1025 enucleauit
1443 965 1516 1026 ut
1547 961 2097 1042 conspirationem
2125 963 2305 1027 illam
2334 964 2692 1027 multorum
2719 963 2932 1028 homi-

463 1079 622 1125 num
650 1060 1118 1124 maleuolorum
1141 1063 1206 1124 et
1229 1059 1474 1124 fossam
1504 1081 1545 1125 3
1574 1060 1907 1124 montibus
1936 1061 2022 1124 ad
2051 1080 2282 1143 rupem
2311 1081 2519 1144 usque
2548 1062 2934 1144 perductam

465 1163 530 1224 et
556 1165 808 1241 priores
841 1179 876 1223 e
908 1158 1154 1241 Chryse
1181 1159 1450 1223 flumine
1473 1163 1889 1241 comparatas
1920 1159 2189 1225 insidias
2221 1163 2286 1224 et
2313 1161 2720 1244 Archippum
2751 1181 2938 1244 pros-

464 1258 852 1336 monarium,
880 1258 1214 1322 hominem
1246 1257 1327 1322 de
1355 1257 1555 1322 nihilo
1584 1262 1877 1323 creatum
1900 1263 1974 1322 ut
1998 1262 2169 1323 esset
2198 1279 2394 1341 quem
2420 1259 2692 1324 Michael
2720 1268 2936 1324 311313--

465 1357 634 1421 diret
653 1362 718 1421 et
747 1356 832 1421 ab
847 1375 1168 1439 aquarum
1191 1357 1439 1438 impetu
1463 1356 1851 1434 uindicaret,
1882 1360 2103 1439 atque,
2132 1360 2206 1421 ut
2226 1377 2359 1421 uno
2386 1358 2588 1422 uerhe
2616 1360 2940 1440 complec-

464 1459 586 1534 tar,
601 1474 828 1520 omnes
851 1456 1010 1520 istos
1032 1456 1126 1519 rei
1148 1459 1491 1539 tamquam
1513 1455 1754 1537 gradus
1778 1456 2149 1537 singillatim
2170 1464 2692 1539 persequeretur*
2708 1460 2760 1520 13
2788 1479 2936 1524 311111

466 1555 801 1619 statuisset
823 1574 901 1619 ac
931 1554 1353 1619 deliberasset
1378 1556 1664 1619 locorum
1680 1558 1962 1623 ¹naturae
1992 1555 2316 1620 rationem
2341 1556 2616 1620 reddere
2648 1556 2936 1620 3111111333

472 1656 669 1736 atque
697 1672 970 1736 operose
999 1672 1238 1717 munus
1268 1673 1459 1718 suum
1505 1657 1851 1719 exsecutus
1882 1658 1998 1732 est,
2030 1674 2150 1719 nec
2179 1657 2318 1719 tam
2347 1655 2487 1736 ipse
2515 1655 2624 1720 illa
2664 1656 2940 1720 eredidit

476 1773 677 1835 quam
707 1753 847 1817 aliis
876 1753 1270 1835 persuadere
1302 1756 1575 1817 conatus
1605 1755 1720 1818 est.
1748 1771 1907 1840 nam
1938 1754 2159 1818 omnia
2189 1753 2298 1819 illa
2325 1772 2459 1818 non
2486 1760 2560 1818 ut
2604 1756 2744 1818 fieri
2772 1756 2940 1820 33131

471 1870 621 1915 cum
671 1852 902 1934 uolgus
953 1851 1207 1916 fabulas
1256 1851 1440 1932 fingit
1496 1850 1825 1933 quaedam
1878 1870 2097 1915 rerum
2148 1851 2560 1916 necessitudo
2612 1872 2688 1916 ae
2736 1852 2936 1916 eeries

469 1950 802 2029 naturalis»,
832 1970 966 2015 non
1007 1950 1191 2026 ratio,
1219 1969 1353 2014 non
1376 1950 1659 2032 denique
1687 1968 1792 2014 res
1822 1950 1968 2032 ipsa
1996 1952 2329 2032 poscebat,
2353 1951 2470 2015 sed
2499 1956 2800 2016 narrator
2820 1972 2940 2016 31111

468 2048 737 2114 arbitrio
777 2049 1014 2131 delegit
1058 2052 1124 2114 et
1157 2049 1538 2132 composuit.
1585 2069 1662 2113 ac
1697 2050 1889 2114 mitto
1933 2048 2181 2114 diaboli·
2219 2050 2720 2132 instigationem,
2752 2052 2940 2116 11111111

473 2146 787 2229 Archippi
810 2166 960 2211 cum
988 2146 1300 2212 Michaele
1330 2146 1726 2228 colloquium
1751 2149 1953 2228 atque
1982 2147 2227 2212 uictum
2259 2147 2397 2212 eius
2428 2151 2494 2212 et
2506 2152 2944 2231 precationes,

467 2245 658 2309 mitto
694 2245 982 2327 puellam
1025 2249 1298 2323 mutam,
1336 2245 1526 2310 mitto
1556 2245 1909 2327 apostolOS‚
1947 2265 2119 2328 quae
2165 2247 2387 2311 omnia
2438 2266 2479 2311 a
2518 2244 2852 2328 scriptura
2892 2248 2944 2312 31

469 2345 746 2427 scriptor
773 2346 857 2409 ab
901 2345 1240 2409 inuentore
1272 2345 1567 2409 diuersus
1599 2343 1740 2422 fuit,
1783 2344 1952 2409 adici
1996 2344 2290 2427 potuisse
2328 2348 2636 2414 concede.
2664 2348 2820 2412 33113
2852 2348 2944 2408 eie

467 2462 638 2526 quae
665 2444 904 2526 protuli
936 2443 1330 2508 sententiam
1359 2458 1578 2507 meam
1614 2442 1988 2528 confirmari
2018 2444 2316 2508 arbitror.
