3650 5684
1437 792 1717 886 cAPVT
1761 818 1804 883 1.

1189 1019 1285 1087 Dr:
1328 1038 1510 1085 mano
1553 1039 1595 1084 A
1635 1038 1810 1085 Noms
1853 1038 2057 1091 nomo.

466 1213 623 1279 Tria
651 1216 784 1281 fere
813 1220 967 1282 sunt
997 1234 1223 1281 earum
1252 1234 1473 1281 rerum
1502 1232 1743 1295 genera
1785 1233 1957 1296 quae
1997 1214 2063 1279 in
2100 1214 2577 1298 martyrologiis
2608 1217 2673 1279 et
2699 1233 2854 1297 pas-

381 1315 681 1380 sionariis
710 1318 1180 1393 memorantur,
1208 1315 1333 1381 tria
1364 1313 1565 1379 etiam
1593 1333 1834 1396 genera
1873 1313 2191 1378 librorum
2216 1314 2455 1397 quibus
2486 1332 2605 1378 eae
2650 1313 2856 1378 conti-

381 1418 637 1479 nentur.
667 1415 815 1479 libri
863 1418 980 1478 aut
1022 1417 1173 1479 sunt
1209 1413 1355 1496 ipsa
1404 1416 1553 1479 acta
1595 1413 1982 1479 iudiciorum
2026 1412 2245 1496 qualia
2289 1412 2494 1478 edidit
2538 1412 2854 1478 nonnulla

378 1512 822 1578 Theodoricus
840 1513 1120 1577 Ruinart
1140 1513 1208 1576 in
1229 1512 1410 1577 Actis
1434 1513 1799 1594 martyrum
1823 1511 2114 1589 sinceris,
2129 1515 2245 1576 aut
2267 1512 2445 1576 uitae
2466 1514 2850 1576 sanctorum

385 1615 449 1676 et
477 1612 793 1677 miracula
821 1617 1166 1695 tamquam
1209 1612 1546 1677 annalium
1581 1631 1687 1676 res
1717 1613 1940 1693 gestae
1981 1614 2268 1689 narrata,
2300 1614 2413 1675 aut
2446 1610 2753 1676 homiliae
2788 1614 2853 1676 et

379 1703 791 1775 laudationes
835 1710 1059 1774 uariae
1103 1709 1339 1793 quibus
1389 1709 1623 1774 eadem
1671 1708 1806 1773 fere
1857 1709 2139 1775 oratorie
2190 1711 2575 1774 tractantur.
2627 1729 2845 1774 rerum

381 1813 605 1874 autem
631 1828 832 1890 genus
856 1812 955 1873 est
974 1809 1261 1891 primum
1283 1827 1439 1873 uere
1468 1811 1822 1890 gestarum,
1847 1828 2019 1890 quae
2041 1827 2174 1873 non
2203 1827 2477 1873 numero
2500 1808 2619 1874 sed
2642 1808 2849 1889 digni·
2947 1826 2956 1833 ·

378 1909 518 1972 tate
566 1907 832 1990 reliquis
892 1908 1195 1971 omnibus
1245 1906 1658 1972 antecellunt.
1689 1906 1967 1971 alterum
2024 1910 2126 1972 est
2167 1906 2486 1989 paulatim
2524 1908 2682 1971 dum
2711 1906 2850 1971 ueri

379 2006 699 2070 memoria
720 2006 966 2071 incerta
989 2007 1193 2088 serpit
1222 2010 1287 2071 et
1318 2006 1631 2071 dilatatur
1661 2010 1861 2088 atque
1908 2009 2297 2071 extenuatur
2328 2006 2761 2070 adauctarum
2786 2009 2852 2069 et

380 2109 864 2184 exornatarum,
911 2108 1028 2169 aut
1081 2106 1167 2169 ab
1217 2105 1318 2169 dis
1369 2105 1771 2171 Graecorum
1821 2107 1885 2169 et
1934 2105 2386 2170 Romanorum
2443 2105 2530 2169 ad
2587 2108 2847 2169 sanctos

379 2204 766 2269 christianos
797 2203 1286 2284 translatarum,
1322 2204 1504 2270 cuius
1533 2205 1627 2270 rei
1657 2204 2028 2286 exemplum
2057 2204 2638 2269 luculentissimum
2681 2202 2851 2268 Her-

378 2322 662 2368 mannus
686 2302 933 2368 Vsener
956 2303 1024 2367 in
1046 2303 1310 2385 Pelagia
1343 2324 1468 2369 sua
1495 2305 1782 2386 protulit,
1814 2307 1931 2368 aut
1957 2304 2180 2386 aliqua
2208 2304 2477 2368 tandem
2498 2303 2752 2368 ratione
2779 2302 2848 2367 in

378 2402 550 2484 uolgi
572 2402 806 2467 animis
828 2403 1205 2468 innatarum
1233 2422 1310 2468 ac
1332 2422 1450 2484 per
1468 2422 1585 2468 ora
1606 2402 1778 2486 uolgi
1800 2403 2212 2468 traditarum.
2239 2403 2477 2468 harum
2499 2401 2848 2467 multitudo

377 2502 666 2566 maxima
717 2504 834 2579 est,
885 2501 1232 2567 mediocris
1282 2502 1668 2567 aestimatio.
1711 2502 1976 2567 tertium
2029 2520 2233 2583 genus
2292 2503 2391 2566 est
2439 2521 2662 2566 rerum
2715 2519 2850 2565 non

375 2601 627 2665 incerta
668 2600 915 2683 origine
943 2600 1189 2665 sensim
1233 2620 1351 2683 per
1379 2600 1551 2682 uolgi
1578 2620 1914 2666 sermones
1958 2605 2024 2667 et
2052 2601 2306 2666 fabulas
2336 2604 2849 2684 propagatarum

375 2700 495 2764 sed
522 2701 608 2764 ab
637 2719 769 2764 uno
799 2700 1018 2783 aliquo
1046 2699 1314 2775 homine
1353 2702 1530 2765 certo
1560 2699 1827 2765 consilio
1858 2700 2374 2783 excogitatarum
2404 2704 2471 2767 et
2502 2700 2848 2765 artificiose

376 2798 760 2864 effictarum.
782 2798 911 2863 hae
951 2818 1083 2863 non
1121 2798 1215 2863 ita
1256 2817 1509 2881 paucae
1539 2802 1689 2864 sunt
1731 2801 1796 2864 et
1836 2799 2028 2882 pretii
2077 2801 2145 2864 in
2166 2800 2549 2871 uniuersum
2580 2799 2847 2882 quidem

376 2897 754 2962 aestimanti
781 2896 1049 2962 minimi.
1079 2917 1237 2962 nam
1263 2896 1388 2961 nisi
1433 2897 1544 2980 qui
1573 2917 1831 2962 summo
1861 2898 2119 2980 ingenio
2147 2897 2426 2980 praediti
2456 2901 2609 2963 sunt
2637 2897 2850 2963 homi-

375 3014 494 3060 nes
517 2994 751 3078 singuli
775 2995 1016 3061 frustra
1032 3016 1183 3062 cum
1205 2995 1622 3061 multitudine
1645 2997 1728 3061 de
1750 2997 2038 3062 cuiusuis
2059 2997 2156 3062 rei
2177 2997 2551 3062 inuentione
2580 2999 2848 3062 certent.

375 3094 569 3159 tertio
595 3095 748 3160 huic
777 3095 998 3177 generi
1039 3115 1262 3160 rerum
1303 3095 1616 3178 pleraque
1667 3114 1747 3160 ea
1789 3096 2288 3162 adnumeranda
2341 3100 2495 3161 sunt
2553 3114 2727 3179 quae
2765 3095 2845 3160 ·in

371 3193 588 3259 libello
619 3214 659 3258 a
688 3194 879 3259 nobis
903 3194 1079 3259 edito
1109 3195 1355 3277 scripta
1378 3195 1702 3277 leguntur,
1738 3195 2057 3260 librorum
2102 3195 2324 3277 generi
2353 3195 2538 3260 alteri
2586 3194 2841 3259 libellus

373 3294 533 3376 ipse.
563 3313 735 3376 quae
765 3294 940 3359 enim
971 3293 1054 3358 de
1080 3294 1324 3359 Ioanne
1345 3296 1413 3359 et
1433 3293 1734 3378 Philippo
1755 3294 2070 3377 apostolis
2102 3314 2184 3359 ex
2205 3294 2367 3360 actis
2397 3294 2684 3378 antiquis
2726 3293 2845 3358 sed

374 3392 768 3476 apocryphis
791 3393 1033 3457 hausta
1054 3396 1209 3456 sunt
1226 3396 1294 3457 et
1325 3393 1407 3457 de
1437 3393 1722 3458 oratorio
1745 3393 2076 3458 Chonensi
2099 3413 2269 3478 quae
2297 3394 2537 3476 partim
2567 3393 2843 3457 fortasse

372 3509 535 3555 uera
560 3493 933 3570 narrantur,
966 3510 1046 3556 ea
1094 3491 1244 3556 uiae
1301 3492 1388 3555 ad
1414 3492 1802 3557 miraculum
1840 3492 2170 3558 Michaelis
2200 3492 2597 3557 muniendae
2642 3509 2844 3556 causa

372 3590 618 3671 scripta
663 3609 807 3655 esse
851 3591 1128 3672 apparet
1153 3613 1170 3668 3
1200 3590 1418 3671 ipsum
1446 3591 1835 3657 miraculum
1864 3592 2090 3669 fictum
2120 3611 2266 3656 esse
2298 3593 2384 3656 ab
2415 3611 2494 3656 eo
2524 3591 2636 3675 qui
2661 3590 2842 3655 fluuii

372 3688 443 3753 in
467 3691 685 3754 terrae
712 3689 966 3754 hiatum
996 3688 1455 3754 descendentis
1483 3690 1806 3755 rationem
1827 3690 2103 3756 reddere
2124 3691 2404 3756 uoluerit
2430 3691 2600 3756 infra
2629 3690 2844 3756 decla-

373 3788 645 3852 rabitur.
677 3808 874 3871 quem
908 3788 963 3853 si
1014 3789 1160 3872 quis
1189 3789 1474 3853 eundem
1516 3789 1764 3871 putarit
1808 3809 1887 3854 ac
1927 3789 2074 3854 libri
2102 3790 2506 3872 scriptorem,
2538 3790 2842 3872 equidem

374 3906 509 3952 non
534 3888 873 3970 obloquar.
905 3889 1024 3952 sed
1063 3907 1212 3953 eam
1240 3907 1381 3952 rem
1426 3888 1492 3953 in
1533 3888 1752 3953 medio
1781 3888 2097 3971 relinquo.
2128 3889 2274 3954 libri
2309 3893 2549 3955 natura
2575 3889 2845 3972 inscrip-

374 3985 567 4051 tionis
597 3987 812 4070 prima
834 4006 997 4052 uoce
1027 3987 1450 4070 significatur.
1474 3988 1765 4053 narratio
1809 3988 2196 4070 appellatur,
2229 3993 2295 4053 et
2316 3993 2416 4054 est
2443 3989 2731 4054 narratio
2760 4009 2843 4056 ne

377 4086 641 4150 exordio
665 4086 934 4169 quidem
956 4090 1072 4152 aut
1094 4086 1505 4152 conclusione
1534 4090 1784 4152 ornata.
1809 4106 2265 4172 quaecumque
2289 4089 2460 4153 enim
2488 4089 2574 4153 ad
2596 4089 2845 4154 cultum

377 4182 483 4248 dei
507 4185 1102 4252 commendandum
1132 4189 1434 4268 spectant
1462 4186 1692 4250 autad
1722 4186 2080 4251 firmandas
2110 4186 2562 4270 fouendasque
2590 4187 2845 4271 religio-

375 4300 493 4345 nes
516 4300 595 4345 ea
622 4301 756 4346 non
785 4303 906 4348 suo
936 4283 1053 4347 sed
1081 4283 1398 4366 Archippi
1420 4283 1685 4348 nomine
1714 4283 1993 4366 scriptor
2022 4284 2364 4365 expromit.

459 4378 747 4444 Libellus
792 4380 1038 4446 diuisus
1082 4385 1184 4446 est
1222 4382 1292 4445 in
1319 4386 1543 4464 partes
1586 4385 1720 4447 tres
1752 4401 2033 4464 quarum
2069 4381 2316 4463 priores
2359 4403 2529 4465 quae
2578 4387 2731 4448 sunt
2760 4385 2843 4450 de

378 4478 688 4560 apostolis
717 4478 1016 4563 Philippo
1048 4484 1112 4544 et
1140 4481 1383 4546 Ioanne
1413 4486 1478 4545 et
1504 4481 1586 4544 de
1617 4481 1904 4545 oratorio
1933 4480 2260 4545 Chonensi
2290 4483 2375 4546 ab
2400 4482 2661 4546 homine
2682 4484 2844 4548 Lao-

379 4576 610 4642 diceno
638 4578 980 4644 aedificato
1005 4579 1196 4662 quasi
1219 4580 1560 4661 quoddam
1582 4579 1983 4644 uestibulum
2012 4582 2163 4644 sunt
2187 4581 2417 4645 tertiae
2449 4601 2619 4663 quae
2641 4587 2739 4646 est
2760 4582 2845 4646 de

375 4675 708 4759 Archippo
762 4682 826 4742 et
878 4678 961 4743 de
1017 4678 1349 4743 Michaelis
1409 4678 1781 4760 archangeli
1835 4678 2171 4743 miraculo.
2215 4680 2391 4762 quod
2446 4681 2846 4745 uestibulum

379 4774 621 4856 duplex
649 4780 721 4840 ut
741 4776 941 4858 paulo
965 4777 1021 4841 si
1051 4796 1201 4842 cum
1230 4778 1505 4860 reliquis.
1541 4778 1814 4843 aedibus
1839 4781 2253 4861 comparetur
2281 4778 2494 4842 maius
2523 4783 2621 4843 est
2647 4799 2846 4862 quam

576 4905 632 4942 Μ.
666 4906 715 4944 Β.
2628 4909 2651 4948 1
