3650 5684
482 416 683 515 [311]
1375 438 1628 524 cnoms
1680 428 2084 494 ΡΑτΒΑΤυΜ.
2846 423 2941 497 23

479 640 615 707 ἐκεῖ
631 633 1140 731 συνειλεγμένους
1176 633 1365 728 εὑρὼν
1401 632 1652 728 ἀθρόους
1701 633 1919 703 τούτου
1955 634 2332 729 -άρυομένους
2382 637 2483 703 καὶ
2530 639 2654 711 τῶν
2700 618 2940 706 οἰκείων

479 756 783 847 σωμάτων
839 753 989 820 αὐτὸ
1026 753 1464 846 καταχέοντας,
1511 744 1649 832 ἑξῆς
1683 751 1748 819 δὲ
1781 753 1885 818 καὶ
1934 754 2047 833 τὴν
2081 751 2382 848 ἐνέργειαν
2417 750 2939 823 ἐπακολουθοῦσαν

472 873 578 938 καὶ
628 873 742 952 τὴν
794 865 1165 963 ἀπαλλαγὴν
1220 869 1453 956 ἑκάστῳ
1507 870 1615 936 τοῦ
1665 866 1895 946 πάθους
1944 866 2362 963 παρέχουσαν,
2416 868 2771 938 ἐπυνθάνετο
2814 873 2938 938 τῶν

472 989 788 1080 παρόντων
814 985 956 1066 ἥτις
992 986 1197 1061 αὐτοῖς
1233 987 1388 1051 κατὰ
1420 986 1526 1051 τοῦ
1564 983 1780 1062 ὕδατος
1806 988 1848 1069 ὴ
1878 981 2198 1066 ἐπίκλησις
2222 987 2325 1051 καὶ
2350 987 2410 1053 τί
2438 1000 2587 1053 ποτε
2612 984 2730 1080 ἄρα
2753 989 2933 1055 τοῦτό

402 1124 438 1178 Β
476 1108 638 1172 ἐστιν
659 1104 805 1196 ὅπερ
826 1100 1148 1187 ἐπᾴδοντες
1165 1101 1367 1194 ἠρέμα
1394 1105 1480 1189 τῷ
1508 1099 1682 1167 ὕδατι
1707 1102 1963 1195 ταχεῖαν
1989 1100 2147 1168 οὕτω
2175 1102 2276 1168 καὶ
2302 1099 2535 1194 δαψιλῆ
2563 1105 2935 1195 καρποῦνται

467 1222 581 1301 τὴν
617 1218 934 1313 θεραπείαν
962 1271 979 1288 .
1022 1219 1081 1285 οἳ
1114 1215 1179 1284 δὲ
1229 1215 1421 1307 ὄνομα
1455 1218 1683 1309 πατρὸς
1725 1216 1753 1253 ⁶
1779 1214 1914 1284 υἱοῦ
1947 1219 2049 1283 καὶ
2083 1218 2261 1313 ἁγίου
2295 1217 2640 1310 πνεύματος
2690 1219 2792 1285 καί
2825 1217 2934 1287 τοῦ

470 1335 965 1431 ἀρχιστρατήγου
1001 1329 1264 1427 Μιχαὴλ
1299 1333 1695 1426 ἀπεκρίναντο
1717 1388 1733 1405 .
1770 1335 2042 1410 κάκεῖνος
2070 1335 2192 1428 οὐχ
2216 1333 2613 1426 ὑπερθέμενος
2639 1336 2708 1402 τὸ
2734 1337 2927 1430 παρὸν

467 1451 605 1519 ὀὐδὲ
637 1454 844 1547 ’χρόνῳ
878 1451 981 1516 καὶ
1007 1448 1321 1541 διασκέψει
1355 1450 1426 1516 τὸ
1462 1454 1722 1545 πρᾶγμα
1748 1448 1889 1527 δοὺς
1922 1445 2057 1516 ἀλλ’
2093 1451 2177 1527 ὡς
2212 1448 2345 1545 εἶχε
2389 1451 2531 1527 τοὺς
2580 1448 2929 1545 ὀφθαλμοὺς

467 1568 620 1660 ὁμοῦ
646 1568 882 1644 καὶτὰς
899 1569 1113 1661 χεῖρας
1140 1570 1225 1643 είς
1245 1565 1533 1659 οὐρανοὺς
1557 1565 1847 1660 ἀνασχὼν
1866 1565 2222 1659 θερμότερον
2250 1569 2476 1661 ἐχρῆτο
2502 1571 2579 1663 τῇ
2610 1565 2929 1649 ἐπικλήσει

322 1774 327 1778 .
364 1705 428 1758 ιο
465 1685 566 1751 καὶ
598 1683 731 1752 θεὸν
767 1679 970 1752 ἐκάλει
1009 1685 1164 1748 κατὰ
1201 1684 1308 1749 τοῦ
1349 1680 1578 1759 πάθους
1622 1682 1976 1776 προσώποις
2009 1682 2173 1776 τρισὶ
2206 1682 2650 1777 γνωριζόμενον
2685 1684 2787 1750 καὶ
2820 1687 2925 1754 τὸν

466 1803 648 1868 αὐτοῦ
701 1800 975 1867 διάκονον
1026 1795 1288 1893 Μιχαὴλ
1341 1802 1427 1876 είς
1481 1799 1813 1892 πρεσβείαν
1875 1801 2055 1867 ἐκίνει
2080 1818 2098 1836 “
2140 1800 2241 1866 καὶ
2285 1802 2406 1893 οὐχ
2453 1802 2767 1894 ἡμάρτανε
2809 1807 2924 1884 τῆς

463 1918 762 1999 αἰτήσεως
806 1912 969 1982 ἀλλὰ
1018 1912 1506 1992 πολλαπλασίως
1542 1914 1765 2009 ἐτρύγα
1820 1917 1936 1996 τὴν
1981 1913 2299 2009 θεραπείαν
2320 1934 2338 1953 ·
2374 1917 2447 1982 οὐ
2481 1919 2600 2011 γὰρ
2653 1918 2839 2009 μόνον
2880 1921 2924 2000 ὴ

460 2035 606 2111 παῖς
655 2035 778 2100 τῶν
830 2036 942 2114 τῆς
992 2032 1261 2126 ἀφωνίας
1313 2027 1475 2097 ἀλλὰ
1522 2032 1625 2097 καὶ
1670 2032 1853 2108 αὐτὸς
1900 2031 2003 2098 καί
2048 2034 2091 2112 ὴ
2135 2034 2280 2109 παῖς
2323 2034 2446 2100 τῶν
2489 2036 2600 2113 τῆς
2637 2035 2923 2114 ἀπιστίας

463 2148 704 2241 δεσμῶν
733 2145 1093 2227 ἀπελύοντο,
1128 2148 1275 2241 ὅπερ
1308 2144 1386 2228 ἦν
1419 2148 1526 2214 τοῦ
1553 2150 1665 2228 τῆς
1697 2144 1986 2242 γλώττης
2010 2150 2177 2240 παρὰ
2213 2147 2238 2185 ⁷
2263 2144 2423 2215 πολὺ
2449 2145 2916 2243 χαλεπώτερον.

366 2288 432 2337 45
466 2266 621 2357 ὁμοῦ
646 2290 713 2332 τε
745 2268 864 2360 γὰρ
901 2267 933 2332 ὁ
959 2266 1162 2358 πατὴρ
1190 2269 1267 2360 τῇ
1304 2261 1557 2358 θυγατρὶ
1610 2262 1923 2355 μετεδίδου
1957 2266 2065 2330 τοῦ
2100 2262 2316 2340 ὕδατος
2353 2265 2456 2330 καὶ
2491 2267 2635 2356 ρᾆν
2670 2269 2920 2334 ἐκινεῖτο

458 2383 610 2475 πρὸς
644 2383 1041 2476 εὐχαριστίαν
1069 2382 1111 2460 ὴ
1147 2376 1401 2473 γλῶττα
1425 2379 1528 2445 καὶ
1554 2377 1684 2456 θεὸς
1712 2381 1866 2476 αὐτῇ
1896 2378 1997 2446 διὰ
2022 2382 2324 2471 στόματος
2357 2377 2435 2459 ἦν
2461 2382 2562 2446 καὶ
2595 2382 2698 2449 τὸν
2734 2385 2919 2450 αὐτοῦ

459 2496 793 2591 θεράποντα
818 2493 1082 2591 Μιχαὴλ
1106 2490 1462 2589 παραδόξως
1489 2495 1811 2585 ἐπεβοᾶτο.
1828 2496 1890 2562 τί
1914 2497 1984 2563 τὸ
2013 2497 2167 2587 μετὰ
2190 2498 2382 2562 ταῦτα
2403 2524 2418 2575 ;
2464 2497 2785 2589 βάπτισμα
2809 2501 2919 2566 τοῦ

386 2680 393 2687 ,
454 2636 522 2681 τε
565 2612 906 2691 Λαοδικέως
952 2607 1138 2679 αὐτοῦ
1188 2611 1291 2677 καὶ
1339 2614 1449 2691 τῆς
1498 2609 1793 2706 θυγατρὸς
1841 2613 1942 2678 καὶ
1999 2609 2166 2679 οἴκου
2212 2609 2358 2679 ὅλου
2401 2616 2784 2708 ’προσαγωγὴ
2828 2621 2916 2705 τῷ

456 2729 729 2823 Χριστῷ,
770 2732 917 2798 ναοῦ
951 2755 1017 2796 τε
1050 2733 1138 2819 τῷ
1176 2728 1657 2822 άρχιστρατηγῳ
1711 2728 2003 2820 οἰκοδομὴ
2052 2729 2153 2794 καὶ
2199 2722 2544 2809 πολυτελὴς
2585 2731 2775 2825 ὀροφὴ
2825 2737 2913 2823 τῷ

354 2860 420 2920 '20
456 2848 796 2940 ἀγιάσματι
830 2846 932 2912 καὶ
968 2842 1133 2912 οἴκου
1168 2849 1255 2933 τῷ
1294 2842 1421 2912 ὄντι
1446 2847 1601 2910 κατὰ
1634 2845 1703 2911 τὸ
1737 2845 2164 2939 γεγραμμένον
2189 2840 2285 2941 (1)
2322 2846 2668 2938 εὐπρέπεια.

553 2962 650 3032 E'.
682 2994 779 3013 ·—-
806 2963 908 3028 καὶ
935 2964 966 3030 ὃ
1003 2963 1113 3054 μὲν
1149 2960 1308 3028 οὕτω
1335 2960 1666 3037 πιστεύσας
1692 2962 1794 3026 καὶ
1828 2962 2113 3037 τοιαύτας
2151 2960 2412 3039 ἀποδοὺς
2455 2960 2477 2998 ¹
2512 2964 2772 3056 χάριτας
2798 2966 2911 3044 τῆς

456 3080 800 3173 εὐεργεσίας
855 3075 1057 3144 οἴκαδε
1118 3080 1273 3170 μετὰ
1322 3080 1435 3158 τῆς
1469 3075 1762 3172 θυγατρὸς
1814 3079 2067 3174 ἐπανῄει
2125 3075 2340 3154 σωθεὶς
2398 3080 2553 3143 κατὰ
2610 3079 2715 3146 τὸν
2755 3076 2915 3146 θεῖον

454 3191 797 3262 ἀπόστολον
815 3191 910 3290 (2)
946 3193 1048 3260 καὶ
1074 3195 1255 3270 αὐτὸς
1292 3191 1393 3260 διὰ
1425 3196 1537 3275 τῆς
1571 3194 1981 3287 τεκνογονίας,
2005 3190 2243 3285 μᾶλλον
2271 3192 2335 3260 δὲ
2359 3195 2460 3260 καὶ
2480 3195 2594 3274 τὴν
2615 3192 2914 3289 θυγατέρα

454 3312 850 3403 σεσωσμένην
888 3309 1059 3387 ἰδών,
1098 3311 1203 3376 καὶ
1236 3307 1421 3404 ἄμφω
1456 3306 1914 3389 πλουτήσαντες
1946 3311 2060 3389 τὴν
2091 3309 2408 3399 εὐσέβειαν
2433 3330 2450 3348 ·
2474 3312 2644 3401 μετὰ
2665 3309 2719 3377 ’δ’
2747 3310 2775 3348 2
2809 3308 2914 3379 οὖν

352 3432 417 3499 95
454 3428 840 3508 ἐνενηκοστὸν
899 3421 967 3505 ἐξ
1026 3428 1253 3494 ἐκείνου
1312 3428 1536 3520 χρόνον
1585 3427 1732 3503 παῖς
1783 3430 1849 3494 ἐκ
1908 3429 2019 3507 τῆς
2070 3423 2490 3520 Ἱεραπολιτῶν
2551 3428 2914 3521 ὡρμημένος

451 3542 801 3638 Ἄρχιππος
856 3541 1048 3635 ὄνομα
1081 3545 1269 3637 γονῆς
1306 3536 1392 3609 ὢν
1447 3538 1760 3637 θεοφιλοῦς
1807 3543 1909 3608 καὶ
1954 3542 2127 3635 ῥίζης
2176 3541 2364 3622 ὅντως
2412 3542 2646 3639 ἀγαθῆς
2688 3543 2913 3640 ἀγαθὸν

453 3656 816 3752 βλάστημα,
866 3658 1132 3753 καθάπερ
1168 3655 1262 3755 (3)
1295 3684 1356 3726 τι
1389 3660 1588 3752 κρίνον
1637 3663 1697 3726 ἐν
1733 3661 1903 3751 μέσῳ
1958 3658 2228 3727 ἀκανθῶν
2263 3664 2350 3750 τῷ
2385 3662 2508 3727 τῶν
2552 3661 2841 3754 αἱρέσεων
2884 3658 2913 3699 ³

448 3772 672 3857 πλήθει
698 3779 810 3857 τῆς
838 3777 1150 3866 εὐσεβείας
1176 3757 1355 3844 πνέον
1389 3776 1458 3844 τὸ
1491 3774 1767 3856 ἥδιστον,
1794 3775 2026 3865 δεκάτῳ
2052 3779 2164 3857 τῆς
2198 3773 2443 3857 ὴλικίας
2471 3775 2591 3845 ἔτει
2616 3781 2782 3871 παρὰ
2799 3779 2910 3846 ’τὸν

446 3894 727 3961 τοιοῦτον
755 3896 1091 3987 ἀφικνεῖται
1113 3894 1258 3961 ’ναὸν
1286 3892 1490 3988 ὥσπερ
1518 3893 1635 3960 ὑπό
1663 3912 1825 3970 τινος
1852 3895 2135 3986 προνοίας
2163 3895 2463 3988 ἀγόμενος
2489 3894 2590 3960 καὶ
2616 3895 2911 3987 νεωκόρος

352 4025 415 4080 30
452 4004 637 4077 αὐτοῦ
672 4007 701 4047 ³
731 4007 1115 4090 καθίσταται,
1173 4010 1341 4087 ὅστις
1401 4008 1518 4104 ἄρα
1574 4012 1831 4105 χάριτος
1881 4005 2104 4091 ἠξίωτο
2165 4009 2466 4104 θειοτέρας
2502 4030 2519 4048 ·
2574 4009 2732 4077 οὕτω
2781 4013 2911 4105 ’γὰρ

447 4307 530 4317 -
572 4263 600 4308 ⁸
650 4277 740 4331 καὶ
791 4279 926 4337 add.
977 4280 1047 4346 Q,
1100 4283 1234 4352 fort.
1283 4288 1428 4336 recte
1457 4297 1478 4345 ,·
1531 4281 1638 4351 cfr.
1691 4277 1750 4344 4,
1800 4278 1860 4334 9.
1909 4308 1991 4319 --
2021 4271 2046 4310 ⁷
2073 4296 2180 4337 om.
2212 4278 2308 4345 ΡΩ
2339 4297 2353 4346 ;
2388 4280 2497 4349 cfr.
2529 4282 2626 4336 vit.
2650 4268 2912 4338 Marcell.

438 4356 517 4431 ‘PC
541 4358 647 4415 7'16·
664 4356 743 4427 Β,
771 4355 915 4415 πολὺ
943 4360 1285 4440 θερμότερος,
1314 4358 1432 4419 '720
1448 4363 1521 4429 A,
1555 4355 1746 4433 πολλῷ
1774 4356 1960 4418 πλέον.

532 4437 618 4502 Ε’.
642 4475 724 4484 --
757 4439 781 4477 1
809 4439 1094 4508 ἀποδιδοὺς
1131 4447 1198 4513 Q.
1233 4477 1315 4488 —-
1335 4440 1365 4479 ²
1386 4441 1437 4521 γ’
1466 4447 1534 4512 Q.
1554 4476 1635 4486 —
1658 4438 1933 4510 Βιὲλλήνων
1952 4448 2016 4499 in
2036 4461 2224 4515 marq.
2245 4461 2277 4498 r
2303 4453 2482 4500 acute.
2504 4475 2584 4486 --
2605 4438 2635 4477 ⁴
2656 4440 2907 4512 αὐτῶιΩ.

521 4652 842 4732 ²(1)Psahn.
880 4654 958 4715 25
990 4650 1130 4733 (26),
1166 4654 1224 4716 8.
1258 4691 1338 4737 ?-
1372 4658 1446 4735 (2)
1475 4661 1582 4733 Ep.
1616 4662 1695 4716 ad
1728 4648 1873 4716 Tim.
1913 4662 1969 4728 1,
2006 4661 2065 4728 2,
2106 4660 2200 4718 15.
2239 4692 2319 4705 —-
2346 4660 2424 4738 (3)
2449 4646 2572 4719 Ofr.
2608 4680 2806 4719 comm.
2841 4665 2911 4718 de

455 4734 694 4795 Timoth.
730 4759 790 4813 p.
826 4741 942 4797 761
966 4742 1020 4796 Ἀ
1046 4741 1228 4819 πατὴρ
1259 4736 1316 4796 δὲ
1338 4737 1496 4811 ἕλλην
1515 4785 1584 4805 ,..
1619 4741 1776 4799 οἱονεί
1794 4744 1845 4799 τι
1875 4741 2096 4809 ζιζάνιον
2119 4743 2171 4800 έν
2194 4743 2325 4820 σίτῳ
2351 4751 2434 4819 τῷ
2463 4741 2617 4817 ’καλῷ
2643 4736 2906 4820 Τιμοθέου

448 4818 586 4903 γένει
614 4822 705 4878 καὶ
736 4818 909 4902 ῥόδοις
932 4820 1135 4880 ἄκανθα
1157 4821 1405 4904 παραφύς
1420 4868 1435 4885 .
