3650 5684
1728 833 2006 899 CAPVT
2050 834 2152 899 VI.

1776 1032 1871 1096 Ds
1913 1051 2103 1097 roms.

784 1226 881 1292 De
908 1226 1066 1292 locis
1109 1230 1300 1292 erunt
1341 1229 1455 1311 qui
1496 1228 1912 1296 mirabuntur
1952 1229 2132 1313 quod
2176 1230 2630 1313 quaestionem
2689 1230 2977 1310 institu0,
3008 1250 3171 1315 quo·

701 1324 881 1390 niam
934 1325 1178 1391 Chonis
1225 1325 1613 1392 miraculum
1662 1330 1999 1409 patratum
2046 1327 2192 1410 ipsa
2249 1326 2582 1411 inscriptio
2646 1328 3056 1396 demonstrat
3103 1331 3170 1395 et

705 1423 925 1489 omnia
950 1443 1083 1488 uno
1105 1422 1172 1488 in
1193 1424 1336 1490 loco
1361 1424 1535 1489 facta
1556 1444 1700 1489 esse
1721 1424 2047 1490 uidentur.
2075 1428 2148 1489 at
2170 1427 2270 1489 est
2297 1425 2593 1507 quaestio
2622 1425 2831 1492 ardua
2856 1430 2922 1492 et
2949 1426 3169 1493 nescio

706 1540 793 1587 an
833 1523 1127 1588 omnium
1157 1522 1556 1589 difficillima.
1586 1523 2077 1606 inscriptionem
2107 1524 2283 1589 enim
2324 1523 2473 1588 libri
2516 1524 2748 1590 falsam
2776 1544 2921 1590 esse
2968 1544 3173 1608 supra

677 1620 1317 1699 ‚demonstrauimUS,
1364 1622 1507 1705 ipse
1548 1625 1772 1687 autem
1822 1623 2103 1707 scriptor
2145 1623 2292 1688 libri
2323 1623 2480 1706 quid
2527 1626 2805 1689 narrat?
2834 1623 3173 1707 Hierapoli

704 1720 1033 1804 apostolos
1062 1721 1388 1803 profectos
1418 1721 1794 1786 consedisse
1823 1722 1891 1786 in
1931 1722 2074 1786 loco
2105 1722 2208 1787 cui
2250 1722 2663 1807 Chaeretopa
2703 1742 2948 1788 nornen
2978 1722 3174 1788 fuerit

703 1820 926 1904 ibique
954 1819 1357 1902 praedixisse
1384 1820 1769 1885 Michaelem
1821 1821 2287 1886 descensurum
2331 1840 2429 1898 eo,
2460 1824 2707 1901 ἐνταῦθα,
2741 1826 2806 1887 et
2856 1820 3173 1886 miracula

619 1928 628 1942 ²
703 1939 944 2001 magna
984 1919 1073 1982 ibi
1118 1922 1540 2002 patraturum.
1573 1920 1658 2004 (2,
1689 1920 1763 1984 16
1784 1943 1800 1996 3
1824 1920 1883 1998 3,
1913 1920 1998 2004 3),
2028 1923 2228 2003 atque
2255 1921 2322 1985 in
2353 1920 2585 1985 eodem
2626 1920 2790 1999 loco,
2823 1922 2874 1981 ἐν
2904 1931 2986 1998 τῷ
3016 1924 3171 1998 τόπῳ

706 2021 912 2095 ἐκείνῳ,
945 2018 1194 2082 fontem
1221 2019 1511 2100 erupisse
1537 2019 1896 2083 salutarem
1924 2019 2011 2103 (3,
2041 2019 2108 2100 6)
2133 2042 2149 2097 3
2181 2019 2318 2084 eius
2344 2018 2652 2102 deinceps
2685 2039 2860 2103 aqua
2880 2019 3171 2102 puellam

706 2116 1143 2181 Laodicenam
1164 2135 1309 2182 esse
1331 2120 1635 2183 sanatam
1662 2118 1747 2202 (4,
1768 2119 1812 2182 4
1836 2142 1852 2194 3
1878 2118 1981 2201 13)
2004 2120 2069 2183 et
2098 2137 2299 2201 supra
2329 2136 2482 2183 eum
2503 2118 2589 2183 ab
2612 2118 2780 2183 illius
2809 2122 2997 2201 patre
3021 2136 3168 2184 ora-

703 2214 944 2281 torium
967 2214 1386 2280 aedificatum
1398 2217 1484 2301 (4,
1512 2216 1643 2299 17);
1665 2217 1732 2281 in
1756 2236 1835 2281 eo
1857 2217 2140 2283 oratorio
2168 2217 2255 2282 ad
2276 2217 2461 2282 illum
2490 2218 2737 2285 fontem
2759 2218 3168 2300 Archippum

705 2315 1041 2387 habitasse
1082 2315 1169 2399 (5,
1220 2314 1326 2397 7);
1375 2315 1441 2380 in
1500 2334 1733 2399 rupem
1801 2335 2028 2399 prope·
2080 2317 2442 2382 oratorium
2493 2318 2688 2385 sitam
2759 2315 3171 2382 descendisse

710 2412 1092 2479 Michaelem
1136 2416 1202 2478 et
1257 2415 1613 2480 oratorium
1664 2414 1822 2480 illud
1850 2408 2048 2499 atque
2096 2415 2343 2482 fontem
2373 2416 2644 2485 discissa
2671 2435 2835 2498 rupe
2866 2416 2950 2480 ab
2999 2434 3174 2499 aqua

708 2512 1099 2591 defendisse,
1151 2517 1215 2578 et
1257 2513 1408 2578 huic
1439 2515 1578 2579 loco
1628 2534 1780 2579 eum
1807 2508 1980 2581 bene
2030 2515 2270 2580 dixisse
2323 2514 2542 2600 (1253
2577 2515 2672 2592 14,
2710 2514 2818 2592 173
2862 2515 3052 2593 18,1;
3083 2513 3169 2596 8).

709 2613 1129 2695 Chaeretopis
1152 2612 1364 2694 igitur,
1387 2632 1521 2677 non
1546 2612 1787 2678 Chonis
1810 2614 2030 2679 omnia
2051 2614 2362 2679 uidentur
2382 2615 2555 2679 facta
2577 2632 2741 2678 esse.
2763 2607 3176 2695 Chaeretopa

708 2715 929 2777 autem
958 2712 1086 2777 alia
1119 2711 1357 2776 ciuitas
1402 2715 1519 2790 est,
1547 2730 1699 2790 non,
1736 2718 1810 2778 ut
1838 2713 2044 2796 possit
2071 2713 2325 2797 aliquiS,
2355 2712 2513 2796 quia
2540 2713 2701 2778 satis
2730 2711 3030 2795 ignobilis
3056 2711 3172 2776 illa

711 2814 830 2890 est,
880 2811 1215 2895 suspicari,
1271 2811 1651 2879 Chonarum
1706 2813 1905 2896 aliqui
1962 2812 2165 2878 uicus
2222 2813 2444 2895 itaque
2512 2811 2882 2877 necessario
2943 2814 3179 2894 optan-

710 2911 868 2976 dum
891 2915 991 2977 est
1017 2915 1240 2976 utrum
1264 2911 1502 2976 Chonis
1526 2931 1612 2977 an
1642 2913 2064 2995 Chaeretopis
2091 2932 2231 2977 rem
2261 2911 2559 2978 euenisse
2581 2914 2970 2976 statuamus.
2996 2910 3177 2994 quod

711 3030 842 3093 quo
864 3010 1253 3093 prudentius
1278 3014 1344 3075 et
1365 3011 1839 3077 consideratius
1868 3012 2003 3091 fiat,
2033 3011 2212 3077 haud
2236 3012 2321 3076 ab
2348 3030 2420 3076 re
2450 3011 2574 3076 erit
2602 3030 2775 3095 quae
2792 3010 2879 3075 de
2898 3013 3180 3092 utraque
3216 3081 3223 3087 ,

710 3109 972 3175 ciuitate
1001 3129 1042 3174 a
1069 3110 1400 3175 ueteribus
1429 3110 1676 3175 tradita
1699 3115 1852 3176 sunt
1873 3130 2177 3195 quaeque
2198 3109 2591 3176 recentiores
2614 3110 2727 3193 qui
2757 3109 2940 3174 illum
2962 3112 3176 3174 terrae

711 3212 990 3275 tractum
1021 3208 1331 3274 uiderunt
1367 3209 1448 3274 de
1479 3229 1559 3274 eo·
1585 3210 1893 3275 rettulere
1914 3211 2142 3293 paucis
2164 3209 2531 3293 complecti.

794 3308 1100 3375 Colossae
1143 3328 1261 3374 seu
1289 3308 1435 3391 quis
1466 3307 1767 3374 Colassas
1817 3312 2068 3374 mauolt
2092 3308 2308 3374 dicere
2337 3345 2416 3358 -
2450 3308 2541 3373 sic
2586 3307 2763 3373 enim
2787 3307 3181 3372 recentiores

711 3408 1027 3490 scripsere
1065 3444 1147 3455 —
1190 3408 1419 3473 ciuitas
1462 3408 1586 3473 fuit
1626 3409 1948 3492 Phrygiae
1990 3407 2384 3473 Pacatianae
2427 3406 2748 3474 Herodoti
2786 3407 2809 3445 ¹
2852 3409 2917 3472 et
2961 3405 3183 3470 Xeno-

712 3505 974 3588 phontis
1002 3506 1028 3544 2
1071 3510 1289 3571 aetate
1328 3525 1587 3589 magna,
1609 3508 1825 3590 posita
1855 3507 1942 3571 ad
1987 3508 2234 3589 Lycum
2263 3505 2554 3572 fluuium.
2584 3506 2640 3570 is
2664 3505 2918 3572 Cadmo
2947 3507 3178 3569 monte

713 3605 1027 3670 oriundus
1055 3605 1083 3644 ⁸
1110 3624 1320 3689 prope
1351 3604 1658 3670 Colossas
1686 3606 1753 3669 in
1799 3610 2016 3671 terrae
2057 3604 2393 3689 quendam
2422 3605 2674 3670 hiatum
2717 3603 3182 3680 descendebat,

714 3704 864 3769 dein
894 3708 1340 3771 sescentorum
1370 3704 1505 3769 fere
1536 3725 1851 3787 passuum
1884 3704 2098 3787 spatio
2127 3705 2507 3787 interposito
2537 3723 2682 3768 sese
2705 3702 2859 3767 inde
2882 3702 3186 3785 expedie-

713 3804 850 3883 bat,
871 3803 1053 3869 haud
1074 3804 1265 3886 longe
1287 3806 1373 3870 ab
1398 3803 1724 3870 Laodicea
1743 3803 2167 3886 praeteribat,
2196 3807 2529 3886 postremo
2549 3822 2754 3885 prope
2777 3800 3183 3883 Hierapolim

715 3903 784 3967 in
811 3902 1239 3968 Maeandrum
1269 3903 1585 3968 influebat
1614 3903 1661 3966 4.
1691 3908 1917 3967 nostra
1945 3906 2161 3967 aetate
2191 3901 2558 3985 appellatur
2586 3901 2672 3965 ab
2705 3901 2941 3966 accolis
2970 3900 3184 3965 Tcho-

713 4001 962 4067 ruk-Su
989 4001 1096 4066 uel
1138 4000 1649 4067 Tchoruk-tchai
1680 4002 1726 4065 ⁶.
1756 4003 2207 4065 memorantur
2255 4003 2599 4083 praeterea
2628 4002 3038 4065 transeuntes
3067 4019 3186 4082 per

805 4215 828 4253 ¹
857 4220 918 4285 7,
955 4220 1056 4276 30.
1086 4251 1167 4260 —-
1195 4213 1459 4292 ²Eoeped.
1494 4223 1630 4291 Cyri
1666 4220 1720 4284 1,
1752 4221 1810 4285 2,
1847 4222 1906 4276 fr.
1942 4251 2020 4262 —
2052 4214 2079 4253 3
2109 4220 2291 4275 Strah.
2335 4220 2429 4285 12,
2472 4220 2543 4275 16
2579 4238 2637 4291 p.
2673 4218 2793 4276 578
2815 4213 2940 4295 ὄρος
2964 4212 3186 4291 Κάδμος

722 4296 773 4366 ἐξ
803 4300 867 4357 οὔ
896 4301 926 4355 ὁ
965 4297 1150 4363 Λύκος
1180 4299 1280 4379 ῥεῖ.
1314 4335 1395 4345 -
1422 4297 1452 4335 ⁴
1481 4303 1689 4358 Herod.
1729 4303 1791 4368 7,
1842 4303 1919 4359 30
1964 4296 2243 4363 Κολοσσὰς
2269 4297 2498 4370 πόλιν...
2535 4298 2587 4355 ἐν
2628 4306 2696 4376 τῇ
2717 4296 2903 4361 Λόκος
2937 4301 3185 4374 ποταμὸς

722 4382 1151 4544 Ξῖαξῖῗξῖἆέξ
1166 4380 1479 4522 diff&
1507 4383 1872 4529 02332‘32332
1895 4379 2224 4543 ξιῖῗῗνῖρῗῖ
2252 4378 3190 4539 ἔῖιζδιξῖ”1ξ,ςιέέᾷῗέ’ἕῖλ’ἑῗῖλιῖἲ

723 4545 769 4605 δ’
790 4548 947 4612 οὗτος
975 4548 1082 4605 ὑπὸ
1102 4556 1204 4626 γῆς
1234 4548 1372 4627 ῥυεὶς
1416 4546 1508 4605 εἶτ’
1536 4546 1809 4622 ἀνακύψας
1840 4547 2118 4605 συνέπεσεν
2146 4548 2218 4609 εἷς
2247 4546 2410 4603 ταύτὸ
2440 4553 2551 4610 τοῖς
2582 4544 2766 4610 ἄλλοις
2805 4554 3102 4622 ποταμοῖςς
3130 4554 3186 4605 et

722 4634 889 4705 paulo
918 4639 1076 4688 antee
1107 4628 1334 4693 ὄΛύκος
1369 4628 1562 4710 (aaz)
1597 4627 1895 4706 συμβάλλει
1921 4636 2000 4703 τῷ
2024 4624 2312 4707 Μαιάνδρῳ
2333 4636 2568 4704 ποταμῷ
2590 4631 2835 4704 ποταμὸς
2863 4629 3185 4706 εὖμεγέθης;

718 4717 792 4771 cf.
842 4716 989 4771 Plin.
1038 4717 1119 4770 N.
1153 4717 1233 4770 H.
1272 4716 1330 4781 2,
1372 4715 1487 4770 102
1530 4713 1717 4789 (105),
1767 4715 1887 4770 225
1923 4735 1936 4782 ;
1987 4713 2150 4769 Ouid.
2194 4723 2325 4769 met.
2380 4713 2476 4779 15,
2528 4714 2667 4770 273.
2708 4746 2782 4755 -·
2814 4709 2841 4748 ⁶
2876 4715 3180 4778 Hamilton,

725 4798 1066 4853 Researclaes
1094 4803 1158 4851 in
1200 4799 1342 4853 Asia
1364 4800 1578 4862 Minor,
1605 4804 1650 4853 t.
1686 4798 1712 4852 I
1742 4816 1799 4868 p.
1837 4797 1957 4852 509
1986 4817 2000 4866 ς
2038 4796 2437 4861 Tchihatcheff,
2468 4796 2604 4852 Asie
2630 4798 2911 4861 Mineure,
2946 4816 3003 4868 p.
3040 4796 3181 4853 258.

3623 3576 3630 3595 n-
3619 3424 3638 3557 -u-
3621 3302 3634 3413 ...ιιι-
