3650 5684
1124 721 1550 817 [Διήγησις
1609 723 1737 789 καὶ
1796 720 2292 816 ἀποκάλυψις
2387 727 2402 750 ’

546 838 692 903 τοῦ
743 838 970 932 ἁγίου
1021 838 1312 931 πατρὸς
1361 837 1580 929 ὴμῶν
1629 833 2054 934 Ἀρχίππου
2106 840 2233 906 καὶ
2282 843 2864 935 προσμοναρίου

686 954 824 1020 τοῦ
876 953 1329 1021 πανσέπτου
1384 949 1603 1020 οἴκου
1654 956 1786 1021 τοῦ
1839 951 2337 1050 ἀρχαγγέλου
2389 953 2709 1051 Μιχαὴλ

1239 1071 1315 1135 ἐν
1365 1070 1542 1147 ταῖς
1594 1068 1901 1146 Χώναις
1948 1066 2154 1164 1](1).

398 1287 429 1337 5
555 1264 646 1339 A'.
675 1305 772 1318 —
799 1265 870 1332 ‘H
909 1266 1073 1361 ἀρχὴ
1111 1261 1202 1362 (2)
1227 1267 1350 1335 τῶν
1388 1268 1664 1358 ἰαμάτων
1705 1261 1836 1362 1(3)
1862 1265 1965 1332 καὶ
2000 1263 2242 1358 δωρεῶν
2275 1267 2378 1334 καὶ
2404 1270 2813 1362 χαρισμάτων
2839 1265 2931 1366 (4)

461 1382 584 1448 τῶν
620 1378 911 1449 δοθέντων
946 1382 1097 1472 ἡμῖν
1148 1380 1267 1448 ὑπὸ
1301 1383 1410 1448 τοῦ
1446 1378 1581 1448 θεοῦ
1633 1378 1733 1447 διὰ
1775 1382 1887 1461 τῆς
1922 1381 2179 1474 χάριτος
2230 1381 2333 1448 καὶ
2385 1384 2730 1475 παρρησίας
2776 1382 2803 1422 ²
2838 1381 2931 1481 (5)

459 1497 568 1563 τοῦ
628 1495 1127 1591 ἀρχιστρατήγου
1188 1494 1217 1534 ⁸
1283 1492 1546 1590 Μιχαὴλ
1595 1494 1624 1534 ⁴
1676 1490 1942 1589 ἐξαρχῆς
2029 1493 2340 1590 ἐκηρύχθη
2388 1497 2506 1565 ὑπὸ
2559 1502 2683 1565 τῶν
2738 1501 2932 1594 ἁγίων

461 1608 820 1679 ἀποστόλων
871 1608 1190 1679 Φιλίππου
1241 1612 1344 1678 καὶ
1409 1612 1691 1678 Ἰωάννου
1740 1612 1847 1677 τοῦ
1904 1607 2193 1705 θεολόγου
2233 1664 2250 1684 .
2289 1607 2736 1692 ἀποδιώξαντος
2779 1613 2806 1652 ⁶
2840 1611 2932 1711 (6)

458 1729 577 1823 γὰρ
620 1730 728 1795 τοῦ
773 1728 952 1823 ἁγίου
1004 1727 1281 1794 Ἰωάννου
1317 1726 1345 1765 ⁶
1390 1728 1504 1808 τὴν
1557 1723 1893 1819 ἀκάθαρτον
1927 1725 2215 1819 Ἄρτεμιν
2251 1728 2372 1795 ἀπὸ
2406 1731 2517 1808 τῆς
2564 1727 2590 1766 ⁷
2640 1729 2925 1825 Ἐφέσου,

362 1863 426 1915 40
460 1840 716 1923 ἀνῆλθεν
778 1846 862 1920 είς
920 1839 1257 1936 Ἱεράπολιν
1292 1841 1320 1880 ⁸
1372 1839 1465 1938 (7)
1500 1843 1652 1936 πρὸς
1686 1843 1790 1909 τὸν
1861 1843 2038 1936 ἅγιον
2073 1840 2101 1879 ⁹
2136 1838 2457 1910 Φίλιππον
2495 1862 2512 1882 ·
2547 1841 2629 1924 ἦν
2685 1848 2804 1941 γὰρ
2841 1842 2933 1942 (8)

458 1958 561 2024 καὶ
595 1959 776 2036 αὐτὸς
802 1953 893 2054 (9)
928 1954 1221 2050 πολεμῶν
1284 1960 1439 2049 μετὰ
1473 1960 1585 2038 τῆς
1657 1954 1934 2051 ἐχίδνης.
1980 1957 2082 2023 καὶ
2134 1955 2561 2050 ἀσπασάμενοι
2621 1956 2935 2041 ἀλλήλους

786 2078 820 2092 Q

458 2069 628 2169 λέγει
662 2075 828 2164 αὖτῳ
875 2071 937 2112 ¹⁰
972 2074 1004 2140 ὁ
1040 2075 1219 2169 ἅγιος
1257 2071 1318 2111 ¹¹
1354 2069 1674 2150 Φίλιππος
1703 2090 1720 2110 ·
1757 2073 1820 2139 τί
1866 2072 2226 2163 ποιήσωμεν
2267 2071 2327 2110 ¹²
2372 2070 2592 2169 ἀδελφέ
2632 2074 2925 2157 Ἰωάννη;

540 2274 648 2330 Tit.
682 2303 763 2314 —
794 2266 818 2307 ¹
846 2270 960 2347 (τοῦ
990 2269 1404 2349 ἁγίου-Χώναις)
1436 2274 1533 2327 τοῦ
1561 2268 1614 2327 ἐν
1643 2269 1812 2346 ἁγίοις
1843 2268 1915 2344 (τ.
1943 2265 2096 2344 ἁγίου
2133 2268 2199 2346 Q)
2227 2270 2433 2347 πατρὸς
2467 2266 2625 2344 ἡμῶν
2654 2270 2933 2351 ἀρχίππου

460 2359 556 2411 τοῦ
578 2352 815 2433 ἐριμίτου
840 2355 912 2429 (τ.
928 2352 1007 2432 ἐρ.
1027 2373 1137 2411 om.
1157 2355 1222 2432 Q)
1246 2354 1492 2432 καὶπρὸς
1517 2352 1769 2431 μοναρίου
1789 2357 1888 2408 τοῦ
1910 2349 2215 2406 πανσέπτου
2238 2353 2329 2407 καὶ
2349 2351 2641 2428 σεβασμίου
2665 2349 2816 2410 οἴκου
2836 2361 2932 2411 τοῦ

461 2432 803 2516 ἂρχαγγέλου
826 2437 897 2511 (τ.
926 2435 1255 2516 πανσ.-ἀρχ.
1289 2456 1399 2493 om.
1426 2437 1491 2513 Q)
1518 2431 1727 2514 μιχαὴλ
1751 2433 1802 2490 ἐν
1825 2438 1940 2496 ταῖς
1967 2438 2169 2512 χῶναις
2190 2436 2236 2490 Ρ
2262 2432 2420 2512 (QD),
2439 2440 2536 2491 τοῦ
2559 2434 2706 2491 ὁσίου
2728 2438 2931 2515 πατρὸς

462 2519 618 2594 ἡμῶν
648 2518 925 2599 ἀρχίππου
973 2521 1064 2575 καὶ
1089 2539 1368 2597 προσμονα
1408 2517 1488 2574 ίου
1518 2523 1613 2574 τοῦ
1634 2514 1939 2573 πανσέπτου
1968 2515 2096 2571 νάου
2124 2520 2220 2572 τοῦ
2252 2517 2687 2595 ἂρχιστρατήγου
2722 2515 2930 2598 μιχαὴλ

465 2600 516 2657 ἐν
538 2607 652 2664 ταῖς
681 2601 882 2681 χώναις
904 2604 975 2669 V,
1007 2605 1105 2658 τοῦ
1129 2539 1473 2681 ἀρχαγγέλου
1505 2597 1713 2679 μιχαὴλ
1743 2600 1835 2657 καὶ
1859 2603 1957 2655 τοῦ
1990 2597 2138 2654 ὁσίου
2164 2599 2370 2676 πατρὸς
2400 2600 2554 2674 ἡμῶν
2578 2599 2825 2679 ἀρχίππα
2854 2604 2923 2658 Α.

543 2680 631 2742 A'.
668 2716 749 2727 —
796 2678 820 2719 ¹
860 2689 942 2741 ita
992 2681 1115 2753 TV,
1179 2683 1466 2758 θαυμάτων
1517 2685 1614 2741 ΑΟ
1658 2687 1892 2754 (Sisinn.
1938 2685 2022 2750 ?),·
2072 2684 2182 2754 cfr.
2214 2682 2273 2749 3,
2315 2683 2379 2752 1;
2415 2681 2473 2739 5.
2509 2714 2590 2724 -
2619 2677 2646 2716 ²
2685 2689 2767 2740 ita
2809 2681 2924 2752 ΩΔ,

458 2766 750 2845 παρουσίας
780 2768 911 2836 PU3
945 2771 1053 2841 cfr.
1088 2769 1195 2834 Mt,
1237 2786 1358 2839 cap.
1401 2769 1455 2825 1.
1485 2761 1614 2810 —3
1643 2765 1718 2843 (κ.
1753 2787 1816 2824 π.
1849 2785 1903 2824 τ.
1938 2763 2017 2840 α.)
2046 2784 2099 2819 τ.
2134 2784 2189 2822 α.
2224 2783 2279 2820 κ.
2313 2784 2380 2825 π.
2410 2766 2581 2823 V.—
2609 2760 2768 2823 4ουί.
2806 2769 2924 2834 QV.

432 2881 540 2916 ‚—
581 2846 610 2885 ⁵
649 2846 1006 2927 (ἀποδ.-Ἰω.)
1035 2848 1373 2926 QWVA(0),
1421 2843 1722 2914 ἀποδιώξας
1750 2849 1856 2926 γὰρ
1883 2847 1915 2903 ὁ
1945 2845 2095 2923 ἅγιος
2131 2845 2355 2914 ἷωάννης
2383 2846 2551 2924 P(C);
2580 2851 2690 2921 cfr.
2732 2850 2829 2915 15,
2871 2851 2924 2906 1.

459 2964 540 2975 -
562 2928 590 2967 ⁶
618 2937 714 2989 τοῦ
734 2929 990 3009 θεολόγου
1012 2935 1148 2990 add.
1183 2935 1348 2992 A.—
1372 2926 1397 2965 ⁷
1424 2937 1506 2989 ita
1530 2929 1698 2999 PVO‚
1727 2952 1839 2992 om.
1870 2932 1955 2998 A3
2000 2931 2110 3001 cfr.
2142 2930 2199 2996 2,
2235 2928 2344 2999 15;
2381 2928 2440 2996 5,
2476 2925 2670 2986 7.—8
2696 2937 2778 2988 ita
2801 2928 2925 2998 TV,

462 3016 602 3093 ἱερὰν
630 3011 785 3071 πόλιν
814 3017 932 3072 ΑΟ.
982 3047 1063 3058 -
1121 3011 1148 3049 ⁹
1168 3010 1468 3071 ἀπόστολον
1497 3016 1568 3082 V,
1595 3034 1706 3072 om.
1735 3016 1802 3071 Ο.
1838 3046 1919 3057 -
1965 3006 2016 3046 ¹⁰
2035 3016 2118 3067 ita
2160 3009 2327 3080 EVA,
2374 3017 2454 3068 τῶ
2485 3008 2723 3091 θεολόγω
2753 3015 2820 3073 Ρ.
2850 3046 2931 3056 -

394 3137 398 3140 <
464 3094 515 3132 ¹¹
542 3104 626 3155 ita
655 3095 773 3166 ΓΑ,
806 3117 916 3159 om.
946 3100 1064 3156 VO.
1100 3130 1181 3141 —
1207 3093 1258 3132 ¹⁹
1280 3097 1572 3173 ποιήσομεν
1601 3100 1671 3155 Α.

541 3279 619 3355 (1)
643 3279 758 3337 cfr.
787 3282 1184 3351 disputationis
1204 3279 1302 3335 IV.
1331 3311 1412 3319 —
1436 3277 1512 3354 (2)
1537 3277 1572 3346 ἡ
1596 3276 1818 3355 ἀρχὴ...
1846 3273 2144 3355 ἐκηρύχθη.
2173 3278 2519 3350 Quamquam
2546 3275 2930 3350 turpissimum

458 3369 543 3418 est
569 3363 709 3418 illud
732 3363 767 3431 ἡ
799 3361 967 3441 ἀρχὴ.
985 3405 1026 3421 ..
1063 3353 1113 3425 ἐξ
1139 3360 1313 3440 ἀρχῆς
1336 3361 1395 3417 in
1416 3362 1538 3434 ipso
1567 3361 1726 3415 initio
1755 3361 1940 3433 operis
1969 3361 2231 3432 positum,
2257 3379 2369 3415 non
2397 3365 2782 3432 Potesttamen
2803 3380 2930 3417 cum

458 3446 617 3501 libris
644 3464 815 3501 manu
842 3443 1064 3517 scriptis
1094 3444 1393 3516 separatim
1413 3444 1544 3516 poni
1575 3439 1652 3497 ‘H
1684 3438 2202 3520 ἀρχὴ....Μιχαήλ.
2220 3434 2311 3505 Ἐξ
2342 3441 2596 3519 ἀρχῆς...
2615 3439 2928 3520 ἐκηρύχθης

459 3546 640 3602 neque
669 3528 816 3584 enim
845 3528 877 3596 ἡ
911 3525 1057 3604 ἀρχὴ
1081 3526 1162 3581 sie
1184 3528 1329 3582 nude
1351 3527 1593 3599 positum
1614 3526 1835 3581 defendi
1856 3532 2036 3598 potest
2057 3527 2184 3581 coll.
2207 3543 2401 3595 evang.
2431 3525 2610 3582 Marci
2639 3526 2694 3591 1,
2728 3527 2755 3581 1
2779 3525 2924 3605 ἀρχὴ

462 3616 556 3666 τοῦ
587 3605 920 3687 εὖαγγελίου,
939 3610 1035 3666 uhi
1049 3610 1397 3682 jungendum
1419 3615 1502 3664 est
1524 3607 1693 3686 ἀρχὴ.
1708 3653 1721 3666 .
1734 3652 1747 3665 .
1770 3605 1976 3683 ἐγένετο
2003 3602 2280 3675 Ἰωάννης,
2294 3613 2391 3665 aut
2410 3625 2605 3679 evang.
2624 3609 2867 3664 Th0mae
2895 3610 2921 3666 1

461 3693 526 3748 οὗ
569 3693 603 3761 ἡ
648 3691 791 3771 ἀρχὴ
839 3690 1035 3767 οὕτως,
1082 3709 1225 3765 quae
1270 3698 1388 3747 arte
1417 3695 1707 3764 conjuncta
1737 3697 1867 3746 sunt
1916 3709 2041 3746 cum
2064 3691 2143 3746 eis
2173 3708 2315 3763 quae
2343 3692 2681 3763 praecedunt
2703 3698 2758 3746 et
2786 3709 2929 3764 quae

462 3783 790 3850 sequuntur.
827 3778 1021 3848 Neque
1044 3772 1318 3852 ἐκηρύχθη
1351 3775 1601 3829 absolute
1629 3774 1840 3829 dietum
1867 3774 2002 3829 ferri
2030 3775 2193 3829 dehet
2213 3774 2310 3828 uhi
2339 3773 2763 3845 praedicationis
2786 3792 2929 3847 quae

460 3859 666 3914 dicitur
687 3860 1035 3929 evangelicae
1055 3858 1442 3913 memorandae
1463 3858 1619 3911 loeus
1646 3875 1757 3912 non
1780 3863 1899 3911 erat
1922 3862 2038 3921 aut,
2075 3857 2123 3910 si
2153 3861 2316 3920 esset,
2350 3846 2403 3917 ἐξ
2435 3853 2609 3933 ἀρχῆς
2653 3857 2797 3911 adici
2818 3875 2929 3912 non

348 3988 360 4001 .
461 3948 697 4014 poterat.
751 3934 979 4018 ἐξαρχῆς
1016 3941 1096 3996 sio
1126 3937 1211 4017 ὑφ’
1239 3941 1295 3994 ’ἐν
1324 3938 1591 4011 scriptum
1610 3939 1792 3995 minus
1816 3941 2050 4015 fortasse
2072 3938 2399 3995 offendebat.
2437 3934 2712 4015 ἐκηρύχθη
2744 3946 2930 3995 autem

461 4025 565 4080 etsi
593 4025 776 4080 minus
796 4023 1021 4096 proprie
1044 4025 1253 4079 dictum
1283 4028 1368 4077 est
1394 4040 1496 4093 pro
1527 4040 1592 4077 eo
1622 4023 1770 4094 quod.
1798 4028 1883 4076 est
1911 4019 2306 4098 προεφητεύθη,
2340 4021 2738 4097 προηγορεύθη,
2770 4021 2927 4076 intel·

459 4107 669 4178 legitur
728 4113 933 4162 tamen.
1009 4138 1091 4147 —-
1148 4105 1222 4180 (3)
1281 4103 1522 4178 ἰαμάτων
1573 4118 1586 4161 2
1631 4105 1859 4160 illorum
1900 4103 2110 4159 scilieet
2157 4121 2299 4176 quae
2355 4103 2755 4174 promittuntur
2824 4105 2920 4170 17,

467 4191 562 4246 18.
595 4221 676 4229 —
709 4188 783 4265 (4)
813 4188 1323 4267 ῖαμ.-χαρισμ.οίι·.
1360 4206 1447 4259 ep.
1486 4188 1554 4242 ad
1579 4186 1708 4242 Cor.
1742 4188 1796 4252 1,
1840 4187 1934 4251 12,
1971 4186 2029 4242 9.
2065 4218 2146 4226 -
2176 4187 2252 4261 (5)
2282 4183 2611 4261 παρρησίαςῖ
2639 4202 2748 4257 qua
2775 4185 2872 4242 ille
2896 4205 2926 4242 a

458 4273 562 4328 deo
587 4272 852 4328 beneficia
880 4272 1195 4327 hominihus
1218 4272 1496 4343 impetrat.
1528 4269 1643 4325 cfr.
1677 4287 1766 4341 ep.
1801 4269 1890 4323 J0.
1926 4270 1979 4335 1,
2017 4269 2076 4334 3,
2114 4270 2184 4324 21
2212 4289 2226 4337 3
2263 4269 2361 4324 22.
2388 4299 2469 4307 --
2493 4266 2569 4343 (6)
2596 4263 2928 4334 ἀποδιώξαν-

459 4375 572 4418 τος.
610 4355 726 4411 cfr.
762 4358 971 4426 disput.
1006 4355 1107 4411 111.
1156 4386 1237 4394 ——
1267 4352 1343 4429 (7)
1373 4347 1690 4429 Ἱεράπολιν.
1725 4351 2072 4406 Declinatum
2115 4357 2198 4406 est
2240 4348 2570 4421 adjectivum
2613 4351 2795 4406 Strab.
2852 4353 2925 4408 13

458 4457 516 4511 p.
568 4438 688 4494 630
725 4458 740 4506 3
794 4438 867 4494 16
897 4455 956 4509 p.
990 4438 1109 4493 748
1141 4457 1156 4506 3
1207 4438 1360 4492 Plut.
1396 4436 1532 4493 Ant.
1562 4435 1662 4500 37,
1704 4435 1730 4491 1
1765 4455 1780 4503 3
1820 4435 1880 4489 G.
1916 4436 1965 4489 I.
2007 4435 2078 4490 G.
2113 4434 2193 4489 111
2224 4433 2406 4498 4472,
2458 4434 2529 4490 21
2568 4453 2583 4501 3
2630 4429 2926 4510 Ἱεράπολιν

458 4520 667 4591 legitur
708 4522 944 4576 Ptolem.
987 4538 1182 4590 qeoqr.
1225 4520 1279 4585 1,
1322 4520 1390 4575 11
1431 4539 1446 4587 3
1493 4518 1696 4573 Zosim.
1734 4517 1793 4582 3,
1835 4517 1908 4572 12
1938 4535 1994 4588 p.
2038 4516 2174 4581 141,
2209 4517 2247 4570 7
2281 4518 2458 4571 Bonn.
2500 4536 2515 4585 3
2568 4512 2927 4592 Ἱεραπόλεως

457 4605 649 4660 Malal.
681 4604 875 4658 chron.
908 4602 981 4658 13
1012 4622 1068 4675 p.
1100 4602 1241 4669 329,
1280 4602 1314 4657 4
1345 4604 1522 4656 Bonn.
1553 4600 1712 4656 Cives
1742 4616 1961 4670 semper
1980 4593 2341 4675 Ἱεραπολίτας
2364 4597 2652 4670 appellari,
2676 4594 2926 4675 Ἱεροπο-

458 4680 608 4747 λίτας
653 4687 721 4741 ab
766 4703 830 4741 eo
859 4685 1061 4758 oppido
1089 4684 1363 4740 nominari
1404 4684 1552 4756 quod
1594 4684 1667 4738 sit
1694 4677 1987 4759 Ἱερόπολις
2030 4683 2129 4738 W.
2177 4683 2258 4737 M.
2307 4683 2545 4753 Ramsay
2587 4680 2920 4747 observavit,

459 4770 625 4824 Ball.
669 4771 739 4824 de
782 4786 931 4824 corr.
981 4769 1210 4833 helle'n„
1244 4767 1321 4823 VI
1348 4785 1405 4839 p.
1443 4767 1584 4823 506.
1619 4797 1700 4806 —
1730 4763 1806 4840 (8)
1837 4762 1900 4830 ἦν
1928 4764 2030 4840 γὰρ
2060 4759 2181 4822 κτλ.
2219 4764 2333 4819 Cfr.
2369 4769 2490 4818 acta
2519 4763 2668 4818 Phil.
2698 4764 2736 4818 7
2758 4782 2815 4835 p.
2845 4764 2925 4818 77

461 4850 845 4915 Tischendorf.
884 4881 956 4893 -—
992 4849 1069 4926 (9)
1098 4849 1189 4904 καὶ
1218 4846 1377 4910 αὐτὸς
1415 4862 1427 4906 :
1460 4855 1523 4904 ut
1550 4849 1647 4905 ille
1676 4865 1803 4903 cum
1825 4846 2018 4904 Diana.

656 4943 713 4984 ιι.
747 4943 797 4983 Β.
2697 4924 2722 4977 1
