3650 5684
741 417 836 489 26
1464 440 1871 494 MIRACULUM
1923 440 1968 491 A
2020 441 2080 494 s,
2133 440 2484 493 mcHAnLn
3006 422 3205 516 [314]

737 638 841 702 καὶ
872 633 1082 703 κοῖλον
1109 636 1190 712 ὡς
1221 638 1308 727 μὴ
1346 634 1556 728 ῥᾳδίαν
1595 637 1778 727 μόνον
1815 632 1979 702 ἀλλὰ
2015 635 2116 701 καὶ
2146 629 2438 715 ὀξυτάτην
2465 632 2662 703 δοκεῖν
2694 635 3058 729 γενήσεσθαι
3091 639 3203 717 τὴν

737 753 1078 847 καταφοράν
1099 806 1117 824 .
1148 750 1532 843 ἀθροίσαντες
1569 748 1674 819 οὖν
1711 755 1892 846 χεῖρα
1929 753 2166 846 συχνὴν
2223 754 2308 828 είς
2343 749 2724 828 Λαοδίκειαν,
2765 752 2948 842 κώμη
2984 750 3049 819 δὲ
3090 753 3204 834 τῆς

737 869 961 945 Λυκίας
996 863 1089 962 (1)
1126 866 1282 947 αὕτη
1317 867 1652 962 περιφανής
1688 864 1805 963 (Q),
1850 869 2264 962 ἀφικνοῦνται,
2307 864 2438 934 εἶτα
2476 868 2578 933 καὶ
2620 868 2772 960 πρὸς
2808 872 2886 964 τῇ
2939 862 3203 949 πλησίον

734 986 841 1051 τοῦ
878 984 1023 1051 ναοῦ
1047 983 1240 1076 πέτρᾳ
1273 984 1578 1078 γίνονται.
1622 982 1812 1074 ὕψους
1848 985 1958 1074 μὲν
1991 980 2095 1051 οὖν
2132 982 2324 1059 οὕτως
2359 985 2400 1063 ἣ
2436 983 2626 1076 πέτρα
2652 983 2755 1049 καὶ
2795 982 3085 1079 μεγέθους
3112 982 3203 1081 (3)

737 1097 904 1193 εἶχεν
938 1100 1022 1176 ὡς
1050 1097 1207 1189 μηδὲ
1241 1100 1424 1166 αὑτὸν
1449 1095 1699 1176 τελείως
1734 1094 2088 1177 ἐξικνεῖσθαι
2123 1098 2351 1179 ταύτης
2385 1099 2490 1166 τὸν
2526 1095 2840 1193 ὀφθαλμόν
2868 1118 2886 1137 ·
2926 1102 2986 1166 οἳ
3018 1098 3083 1167 δὲ
3132 1094 3202 1167 τὸ
3239 1121 3273 1171 5

735 1218 976 1308 πρῶτον
1003 1213 1223 1282 ἐκεῖθεν
1259 1210 1583 1306 ἀρξάμενοι
1608 1217 1835 1310 τάφρον
1869 1214 2252 1309 ὑπερμεγέθη
2285 1216 2356 1281 τὸ
2386 1209 2611 1306 μεταξὺ
2646 1218 2768 1283 τῶν
2803 1240 2870 1283 τε
2906 1219 3201 1307 ποταμῶν

732 1330 971 1410 καὶτῆς
990 1331 1213 1424 πέτρας
1242 1330 1582 1423 ἀνώρυττον
1598 1350 1617 1369 ·
1640 1331 1771 1399 ἐπεὶ
1798 1330 1863 1397 δὲ
1892 1333 2112 1407 ἱκανῶς
2139 1327 2261 1410 ἤδη
2291 1332 2497 1407 αὐτοῖς
2524 1332 2565 1410 ὴ
2593 1331 2818 1426 τάφρος
2845 1331 3194 1426 ὠρώρυκτο,

733 1443 1108 1514 κοιλαίνουσι
1157 1445 1344 1541 μέχρι
1388 1448 1489 1512 καὶ
1545 1448 1751 1542 μυχοῦ
1799 1450 1919 1542 γῆς
1965 1448 2066 1513 τὸν
2116 1447 2303 1513 τόπον
2365 1447 2517 1514 ὅπου
2572 1450 3011 1541 μετοχετεῦσαι
3060 1450 3202 1527 τοὺς

732 1561 1044 1652 ποταμοὺς
1065 1542 1416 1653 ἐπειρῶντο,
1438 1562 1539 1627 καὶ
1562 1561 1853 1656 φραγμὸν
1872 1556 2257 1652 ἐμβάλλουσι
2282 1558 2521 1637 τούτοις
2539 1561 2609 1627 τὸ
2638 1560 3088 1655 ἐργωδέστατόν
3108 1559 3203 1658 (4)

733 1675 892 1743 ὥστε
945 1675 1156 1769 ἀθρόον
1205 1679 1313 1767 μὲν
1361 1679 1493 1744 ἐκεῖ
1529 1674 1909 1771 συναχθῆναι
1960 1678 2036 1743 τὸ·
2089 1674 2273 1769 ὕδωρ,
2325 1673 2456 1743 εἶτα
2501 1678 2609 1743 τοῦ
2657 1673 2940 1772 φραγμοῦ
2993 1682 3059 1746 ἐκ
3092 1674 3202 1745 τοῦ
3237 1700 3305 1751 40

735 1791 1034 1886 αἰφνιδίου
1072 1793 1359 1885 ῥαγέντος
1396 1788 1676 1886 ὀξυτέραν
1704 1791 1983 1887 γενέσθαι
2017 1792 2131 1871 τὴν
2166 1787 2272 1857 τοῦ
2308 1790 2526 1868 ὕδατος
2560 1790 2812 1859 κάθοδον
2836 1846 2854 1865 .
2885 1797 2947 1860 ἐν
2983 1794 3107 1884 ὅσῳ
3136 1792 3201 1861 δὲ

732 1908 842 1984 τὰς
876 1904 1299 1999 πολυτρόπους
1327 1908 1556 1984 ἐκείνας
1592 1908 1758 1974 οὗτοι
1785 1910 1940 1974 κατὰ
1964 1902 2072 1975 τοῦ
2100 1908 2278 2001 ἁγίου
2305 1908 2495 1974 τόπου
2526 1909 2813 2001 μηχανὰς
2840 1907 3201 1976 συνεσκεύα-

733 2022 863 2103 ζον,
906 2024 938 2089 ὁ
974 2018 1080 2089 τοῦ
1116 2017 1249 2089 θεοῦ
1304 2020 1579 2116 Θεράπων
1623 2023 1970 2117 Ἄρχιππος
2020 2022 2120 2089 ἐπὶ
2167 2019 2406 2118 γυμνοῦ
2457 2025 2731 2116 κείμενος
2781 2020 2889 2090 τοῦ
2942 2020 3200 2119 ἐδάφους

733 2137 923 2205 ἐδεῖτο
950 2134 1136 2205 αὑτοῦ
1163 2136 1398 2231 θερμῶς
1424 2139 1527 2205 καὶ
1554 2139 1670 2219 ὅση
1699 2138 1954 2231 δύναμις
1982 2135 2260 2232 ἐλιπάρει
2287 2140 2600 2230 κρείττονα
2623 2142 2735 2221 τῆς
2761 2142 2884 2209 τῶν
2912 2141 3200 2209 ἐναντίων

729 2250 1065 2343 ἐπιβουλῆς
1089 2255 1193 2321 τὸν
1229 2255 1386 2346 ἱερὸν
1421 2257 1646 2348 ἐκεῖνον
1679 2256 1868 2323 τόπον
1904 2257 2280 2349 ἀναφανῆναι
2307 2256 2409 2320 καὶ
2441 2253 2702 2322 πέποιθα
2737 2252 2947 2350 ἔλεγεν
2983 2255 3084 2323 ἐπὶ
3109 2261 3199 2346 τῷ
3237 2279 3302 2329 εὖ

730 2367 843 2458 θεῷ
894 2374 982 2459 τῷ
1045 2368 1303 2450 σώζοντί
1365 2396 1442 2461 με
1502 2371 1621 2437 ἀπὸ
1684 2367 2095 2465 ὀλιγοψυχίας
2156 2371 2258 2437 καὶ
2327 2372 2446 2438 ἀπὸ
2514 2371 2867 2465 καταιγίδος
2936 2372 3017 2449 ὡς
3086 2375 3195 2438 οὐκ

728 2481 1157 2578 ἐγκαταλείψει
1176 2486 1286 2553 ’τὸν
1321 2487 1496 2580 ἅγιον
1531 2482 1717 2553 αὐτοῦ
1745 2483 1911 2553 οἶκον
1943 2484 2087 2552 ίδεῖν
2123 2484 2472 2581 διαφθοράν.

827 2601 922 2673 H'.
960 2640 1057 2651 —
1098 2602 1346 2693 ἡμερῶν
1395 2603 1598 2669 τοίνυν
1633 2600 1776 2669 δέκα
1811 2600 2257 2695 διαγενομένων
2294 2604 2510 2669 ἐκεῖνοι
2547 2603 2658 2692 μὲν
2700 2597 3058 2695 καθαιροῦσι
3091 2603 3194 2669 τὸν

725 2718 830 2782 τοῦ
893 2715 1109 2793 ὕδατος
1169 2717 1452 2811 φραγμὸν
1502 2719 1643 2810 περί
1699 2742 1819 2783 που
1881 2720 1989 2794 τὰς
2042 2719 2241 2812 ἀρχὰς
2298 2720 2414 2798 τῆς
2456 2718 2694 2795 νυκτός,
2753 2718 2838 2794 ὡς
2898 2713 2973 2784 ἂν
3037 2707 3197 2809 μηδὲ

724 2826 1243 2925 προφυλαξαμένῳ
1284 2831 1308 2869 ¹
1332 2838 1420 2922 τῷ
1455 2833 1773 2927 Ἀρχίππῳ
1799 2835 1870 2901 τὸ
1898 2832 2058 2926 ὕδωρ
2094 2831 2345 2902 ἐπελθὸν
2379 2834 2481 2900 καὶ
2508 2834 2690 2900 αὑτὸν
2717 2839 2804 2923 τῷ
2832 2835 3003 2924 τόπῳ
3041 2859 3190 2930 συγ-
3227 2857 3295 2910 20

724 2945 1078 3014 καταδύσειε
1118 2946 1177 2985 ²·
1215 2949 1317 3014 καὶ
1351 2950 1601 3026 στάντες
1635 2954 1696 3017 ἐν
1723 2953 2011 3043 ἀριστερᾷ
2038 2951 2391 3043 περιέμενον
2424 2951 2537 3029 τὴν
2565 2950 2706 3016 ὅσον
2742 2945 2913 3016 οὔπω
2935 2970 3192 3044 γενησο-

726 3064 914 3155 μένην
949 3063 1032 3140 ὡς
1067 3065 1270 3141 αὐτοῖς
1306 3064 1498 3132 ἐδόκει
1525 3061 1631 3131 τοῦ
1668 3067 1849 3161 ἁγίου
1873 3066 2063 3132 τόπου
2101 3064 2428 3133 κατάδυσιν
2452 3119 2469 3139 .
2507 3066 2539 3131 ὁ
2566 3064 2630 3131 δὲ
2657 3061 2764 3132 τοῦ
2802 3060 2937 3133 θεοῦ
2974 3063 3192 3144 δοῦλος

725 3179 1069 3272 Ἄρχιππος
1119 3180 1203 3257 ὡς
1260 3177 1381 3261 ἤδη
1436 3182 1558 3249 τῶν
1604 3184 1902 3274 ποταμῶν
1961 3180 2262 3277 ὑπῄσθετο
2315 3182 2647 3248 κατιόντων
2697 3179 3051 3275 θερμότερον
3103 3181 3193 3249 ἔτι

728 3291 967 3386 μᾶλλον
986 3292 1190 3389 εἴχετο
1207 3298 1329 3363 τῶν
1357 3273 1631 3389 δακρύων
1658 3298 1760 3363 καὶ
1786 3298 2200 3390 συντονωτέρᾳ
2227 3302 2303 3394 τῇ
2332 3295 2538 3376 δεήσει
2566 3300 2820 3391 ἐχρῆτο,
2849 3298 3080 3391 ἐπῆραν
3100 3294 3193 3393 (5)

728 3413 787 3476 οἱ
818 3411 1086 3502 ποταμοὶ
1113 3411 1279 3503 κύριέ
1316 3437 1433 3503 μου
1459 3408 1687 3506 λέγων,
1722 3417 1954 3506 ἐπῆραν
1982 3415 2040 3480 οί
2066 3413 2334 3504 ποταμοὶ
2361 3415 2565 3509 φωνὰς
2592 3414 2827 3479 αὐτῶν·
2859 3409 3107 3505 ἀροῦσιν
3136 3417 3195 3480 οἱ
3229 3436 3296 3486 25

725 3526 994 3615 ποταμοὶ
1054 3529 1390 3620 ἐπιτρίψεις
1435 3530 1635 3595 αὐτῶν
1685 3529 1804 3596 ἀπὸ
1860 3530 2076 3623 φωνῶν
2130 3527 2366 3596 ὑδάτων
2411 3526 2665 3596 πολλῶν
2703 3548 2720 3566 ·
2768 3527 3106 3620 θαυμαστοὶ
3140 3532 3198 3597 οἱ

730 3643 1138 3742 μετεωρισμοὶ
1165 3646 1278 3724 τῆς
1316 3640 1651 3726 θαλάσσης,
1695 3644 2043 3736 θαυμαστὸς
2073 3649 2135 3712 ἐν
2163 3641 2425 3736 ὑψηλοῖς
2454 3647 2486 3712 ὁ
2512 3644 2715 3739 κύριος
2734 3698 2750 3716 .
2781 3650 2868 3734 τῷ
2906 3642 3050 3734 οἴκῳ
3087 3670 3196 3713 σου

725 3755 944 3851 πρέπει
971 3759 1251 3851 ἁγίασμα
1285 3759 1451 3853 κύριε
1479 3765 1565 3838 είς
1596 3762 1950 3854 μακρότητα
1983 3762 2232 3853 ἡμερῶν
2273 3814 2289 3832 .
2339 3761 2531 3857 ταύτῃ
2581 3757 2907 3854 τοιγαροῦν
2945 3758 3195 3855 ἔχοντος

811 4005 903 4066 H'.
939 4042 1019 4050 —
1050 4005 1073 4043 ¹
1102 4003 1562 4088 προφυλαξαμένου
1584 4013 1657 4068 R.
1692 4042 1773 4054 —
1802 4005 1830 4044 ²
1851 4007 2287 4087 συγκαταδύσειεν
2318 4011 2434 4088 P(Q
2446 4012 2513 4088 2).

813 4226 888 4303 (1)
911 4230 995 4283 En
1016 4228 1214 4284 miram
1235 4247 1425 4284 rerum
1447 4235 1502 4284 et
1521 4227 2197 4301 locorumxignorantiamg
2218 4230 2321 4284 cfr.
2346 4229 2440 4293 10,
2464 4229 2536 4284 10
2552 4244 2679 4284 cum
2691 4229 2878 4285 adnot.
2896 4236 2950 4286 et
2972 4232 3184 4301 disput.

727 4311 825 4367 IV.
862 4343 942 4352 —
971 4310 1047 4387 (2)
1079 4312 1195 4367 cfr.
1223 4317 1321 4368 vit.
1347 4312 1510 4368 Phil.
1546 4330 1603 4385 p.
1637 4312 1752 4368 193
1775 4313 1827 4367 A
1853 4307 2009 4374 πόλις
2034 4309 2142 4366 ἐστὶ
2170 4312 2308 4365 κατὰ
2338 4309 2432 4377 τὴν
2464 4307 2707 4387 Φρυγίαν
2739 4309 2994 4390 ἐπιφανὴς
3025 4308 3195 4373 Πόλις

727 4391 841 4470 ἱερὰ
871 4388 1174 4468 καλουμένη
1207 4393 1303 4467 (ita
1331 4395 1520 4465 Migne
1549 4413 1579 4449 e
1609 4396 1730 4453 cod.
1759 4396 1888 4451 vat.
1930 4395 2140 4470 1798);
2169 4413 2365 4449 comm.
2396 4395 2464 4448 de
2492 4395 2652 4453 Phil.
2677 4397 2800 4454 cod.
2837 4397 2997 4451 Paris
3033 4395 3186 4452 1551

726 4477 824 4532 fol.
880 4477 990 4531 76v
1035 4471 1191 4538 πόλις
1221 4475 1329 4532 ἐστὶ
1358 4478 1497 4533 κατὰ
1524 4477 1622 4545 τὴν
1651 4473 1893 4554 Φρυγίαν
1920 4477 2210 4555 περιφανὴς
2237 4471 2559 4552 Ἱερέαπολις
2592 4475 2706 4553 (sic)
2753 4473 3082 4552 καλουμένη.
3113 4509 3193 4520 --

727 4557 802 4632 (3)
833 4555 999 4631 ὕψους
1030 4560 1120 4614 καὶ
1151 4557 1404 4636 μεγέθους
1441 4574 1454 4617 z
1487 4578 1597 4615 non
1623 4560 1899 4615 intellexit
1927 4562 2024 4616 illa
2061 4561 2155 4625 12,
2200 4561 2235 4614 6
2290 4553 2490 4621 πλάτος
2542 4560 2633 4615 καὶ
2685 4565 2858 4634 μῆκος
2900 4568 2955 4616 et
3000 4559 3187 4636 βάθος.

725 4672 806 4681 --
849 4640 925 4717 (4)
970 4642 1086 4698 Cfr.
1134 4646 1233 4700 vit.
1279 4645 1495 4713 Ignatii
1535 4662 1592 4715 p.
1647 4644 1804 4700 1272
1848 4645 1892 4697 Β
1938 4642 2211 4716 νομοθετεῖ
2246 4660 2304 4696 τε
2342 4641 2623 4718 παρθενίαν
2676 4644 2769 4698 καὶ
2816 4639 3054 4698 πλούτου
3104 4644 3193 4697 καὶ

726 4730 927 4801 τρυφῆς
954 4767 968 4779 .
984 4767 1025 4782 ..
1060 4720 1439 4802 κατολιγωρεῖν
1468 4726 1558 4781 καὶ
1575 4725 1640 4782 τὸ
1664 4721 1726 4793 δὴ
1758 4720 2150 4803 χαλεπώτατον
2177 4722 2312 4799 μήτε
2337 4723 2489 4786 θεοὺς
2515 4725 2753 4799 ἡγεῖσθαι
2783 4725 2918 4800 μήτε
2956 4721 3077 4782 κτλ.
3112 4758 3192 4768 -

726 4804 802 4881 (5)
826 4807 1031 4863 Psalm.
1070 4808 1148 4863 92
1181 4805 1297 4883 (93)
1330 4807 1451 4864 3-5.
