3650 5684
1485 461 1574 514 m:
1626 461 1825 512 LOCIS
2249 454 2253 457 ⁵
2715 456 2892 510 XXIX

432 649 542 716 illa
562 649 704 715 loca
726 649 940 732 Caper
968 649 1205 738 fluuius
1229 654 1293 714 et
1322 650 1605 733 AsopuS,
1626 651 1737 734 qui
1756 649 2117 715 Laodiceae
2139 648 2347 713 latera
2374 639 2727 735 adlueban't
2756 647 2798 723 ¹,
2828 650 2893 711 et

430 739 741 833 CadmuS,
775 769 972 832 quem
1022 770 1058 814 e
1106 748 1357 814 Cadmo
1407 753 1632 815 monte
1680 749 2009 832 profluere
2054 746 2293 813 Strabo
2347 750 2626 812 testatur
2680 746 2723 810 ².
2775 745 2892 810 sed

431 847 650 930 plures
680 848 876 938 fuisse
902 848 1135 912 fluuios
1158 849 1436 930 regionis
1458 853 1847 914 montuosae
1875 868 1996 914 nec
2026 848 2269 930 Lycum
2291 847 2383 912 ita
2405 866 2521 929 per
2544 845 2717 909 milia
2741 864 2893 927 pas-

432 966 624 1011 suum
649 947 1083 1030 quadraginta
1113 951 1231 1012 aut
1259 967 1337 1012 eo
1367 948 1646 1030 amplius
1690 948 2052 1013 cucurrisse
2079 951 2155 1012 ut
2182 966 2331 1011 cum
2359 946 2534 1011 nullo
2565 944 2689 1010 alio
2719 963 2893 1008 com-

431 1044 832 1120 misceretur,
855 1046 1159 1111 credibile
1205 1050 1304 1111 est
1348 1052 1412 1112 et
1454 1048 1566 1129 qui
1604 1052 1829 1112 nostra
1880 1050 2094 1111 aetate
2123 1046 2232 1110 illa
2269 1046 2413 1110 loca
2454 1045 2896 1109 lustrauerunt

432 1141 666 1209 fluuios
698 1149 763 1210 et
789 1145 965 1210 riuos
995 1146 1359 1228 complures
1389 1146 1455 1210 in
1482 1146 1663 1211 illum
1692 1146 2037 1211 influentes
2066 1145 2372 1209 uiderunt
2400 1144 2446 1208 ³.
2477 1162 2755 1226 quorum
2784 1141 2896 1206 uni

435 1242 593 1326 quin
648 1245 863 1326 Χρύσης
890 1263 1132 1310 nomen
1161 1245 1356 1310 fuerit
1383 1245 1468 1330 (9,
1505 1245 1625 1328 13),
1647 1245 1755 1310 alii
1797 1246 2036 1327 Κοῦφος,
2068 1243 2176 1309 alii
2201 1244 2565 1325 Λυκόκαπρος
2585 1242 2713 1327 (10,
2736 1241 2773 1305 7
2796 1240 2895 1323 3.),

436 1342 740 1425 equidem
779 1362 912 1408 non
939 1344 1134 1409 uideo
1163 1345 1322 1428 quid
1350 1344 1585 1410 obstet.
1616 1344 1828 1410 omnis
1850 1345 2015 1410 haec
2034 1343 2209 1426 regio
2238 1342 2391 1411 felix
2437 1341 2655 1425 pecori
2705 1344 2777 1406 ut
2806 1341 2898 1406 ait

435 1439 833 1507 Claudianus
853 1443 882 1481 4
910 1445 976 1508 et
1018 1444 1343 1526 opulentis
1365 1443 1633 1509 urbibus
1665 1444 1842 1508 clara
1869 1442 2112 1509 crebris
2140 1445 2355 1508 terrae
2382 1441 2669 1507 motibus
2696 1459 2900 1505 uexa-

435 1541 629 1605 batur
658 1542 703 1606 ⁵.
745 1561 1025 1625 quorum
1050 1542 1449 1608 ‘notissimus
1498 1543 1553 1607 is
1604 1547 1701 1608 est
1750 1562 1883 1625 quo
1918 1546 2053 1608 tres
2102 1542 2298 1607 urbes
2339 1540 2660 1606 Eusebius
2700 1538 2898 1605 refert

436 1639 793 1705 concidisse
836 1641 1227 1707 Laodiceam
1271 1646 1336 1707 et
1371 1641 1773 1724 Hierapolim
1818 1644 1885 1706 et
1928 1640 2228 1708 Colossas
2272 1641 2317 1704 ⁶.
2367 1658 2647 1723 quarum
2694 1657 2897 1705 unam
2949 1675 2959 1730 ².

435 1740 893 1804 tantummodo
921 1739 1187 1805 Tacitus
1217 1741 1512 1805 nominat
1550 1740 1961 1819 Laodiceam,
1993 1758 2193 1823 quam
2220 1738 2499 1822 propriis
2527 1737 2623 1803 ait
2664 1737 2895 1820 opibus

436 1838 789 1902 reualuisse
835 1838 879 1902 ⁷.
918 1839 1161 1904 scilicet
1203 1839 1311 1904 illa
1356 1842 1576 1905 aetate
1620 1839 1925 1904 Colossae
1962 1837 2288 1922 antiquior
2324 1837 2554 1903 ciuitas
2582 1836 2715 1901 iam
2758 1838 2901 1901 erat

439 1936 806 2014 obscurata,
838 1957 1036 2019 quam
1067 1937 1335 2021 quidem
1376 1939 1613 2003 Strabo
1635 1940 1662 1977 ⁸
1705 1939 1875 2003 inter
1899 1939 2207 2016 πολίσματα
2234 1940 2557 2014 numerat,
2598 1935 2842 2000 Plinius
2872 1933 2926 1971 θ’
3006 1930 3016 1943 ‘

438 2039 659 2100 autem
689 2036 864 2118 quod
887 2037 1056 2102 inter
1084 2037 1536 2103 celeberrimas
1561 2038 1754 2103 urbes
1783 2041 2099 2116 recenset,
2128 2036 2195 2101 id
2224 2055 2359 2102 non
2387 2041 2524 2100 tam
2549 2055 2627 2100 eo
2652 2035 2897 2100 factum

439 2135 815 2217 putabimus
844 2135 1020 2218 quod
1050 2135 1531 2201 Colossensium
1564 2156 1825 2220 quoque
1862 2157 1967 2202 res
2010 2136 2197 2201 breui
2232 2135 2512 2202 refectae
2540 2135 2670 2199 sint
2698 2153 2899 2216 quam

440 2233 620 2315 quod
663 2233 1014 2301 oscitanter
1041 2234 1147 2299 ille
1175 2235 1407 2318 prioris
1438 2235 1708 2300 alicuius
1733 2236 2015 2301 auctoris
2036 2235 2244 2300 uerba
2273 2232 2702 2315 exscripserit.
2733 2231 2904 2297 chri-.

441 2333 801 2399 stianorum
833 2337 1081 2399 sectam
1104 2334 1516 2401 Colossenses
1539 2335 1795 2421 pridem
1827 2338 2081 2400 secutos
2111 2354 2253 2399 esse
2281 2332 2465 2398 testis
2497 2334 2597 2398 est
2624 2329 2902 2414 epistula

442 2450 610 2514 quae
637 2432 823 2497 Pauli
866 2433 1127 2498 nomine
1158 2434 1243 2498 ad
1272 2453 1385 2498 eos
1407 2433 1608 2498 missa
1642 2434 1863 2499 fertur.
1902 2434 2243 2516 episcopos
2273 2452 2497 2499 eorum
2540 2434 2691 2514 post
2731 2430 2904 2512 Epa·
3019 2464 3020 2469 κ

439 2531 650 2613 phran
697 2535 761 2596 et
815 2532 1216 2611 Philemona,
1259 2541 1539 2616 quorum
1587 2533 1857 2598 nomina
1899 2552 1981 2598 ex
2026 2531 2302 2615 epistula
2352 2531 2438 2596 ad
2481 2530 2899 2596 Colossenses

440 2629 596 2693 data
611 2631 665 2668 ¹⁰
675 2635 736 2694 et
762 2651 798 2695 e
813 2632 1382 2697 constitutionibus
1407 2631 1848 2715 apostolorum
1863 2632 1913 2669 11
1924 2631 2195 2714 collegit,
2209 2632 2298 2696 Le
2319 2630 2527 2710 Quien
2547 2631 2612 2695 in
2635 2628 2900 2694 Oriente

437 2728 786 2798 christiano
816 2729 863 2766 ¹2
884 2730 1177 2794 nominat
1195 2729 1651 2812 Epiphanium,
1666 2730 1847 2795 cuius
1870 2730 2160 2795 absentis
2187 2729 2561 2795 Nunechius
2591 2727 2900 2793 Laodice-

438 2846 561 2890 nus
582 2827 995 2909 metropolita
1023 2847 1262 2892 nomen
1280 2828 1659 2911 subscripsit
1688 2829 1850 2893 actis
1881 2829 2130 2893 concilii
2167 2828 2715 2895 Chalcedonensis
2744 2826 2908 2892 anni
3025 2813 3039 2825 ³

439 2943 648 2989 ccccm
667 2926 733 3003 ¹³,
750 2929 814 2990 et
836 2926 1416 3010 Cosman,quiipse
1439 2926 1821 3008 subscripsit
1834 2927 1902 2992 in
1916 2927 2183 2992 concilio
2208 2926 2576 3009 quinisexto
2590 2925 2900 2991 Trullano

440 3025 594 3088 anni
627 3043 956 3089 cccxxxxn
981 3025 1050 3089 ¹4.
1065 3026 1399 3108 proximus
1421 3028 1644 3090 autem
1668 3026 1778 3109 qui
1803 3029 2206 3091 memoratur
2229 3025 2596 3103 DositheuS,
2612 3025 2725 3107 qui
2747 3044 2901 3090 con-

439 3122 582 3187 cilio
610 3124 899 3188 interfuit
925 3124 983 3188 N
986 3123 1210 3189 icaeno
1235 3125 1422 3190 alteri
1452 3124 1606 3189 anni
1628 3144 2017 3202 ccccxxxvn,
2039 3126 2094 3188 is
2115 3145 2249 3190 non
2272 3124 2725 3190 Colossensem
2748 3125 2903 3191 sim-

438 3221 688 3305 pliciter
716 3242 785 3287 se
831 3223 1010 3302 dixit,
1040 3223 1156 3288 sed
1186 3224 1278 3291 ita
1308 3223 1520 3306 primo
1557 3224 1815 3306 scripsit
1847 3245 1861 3289 ε
1893 3225 2144 3290 Δοσίθεος
2167 3226 2455 3289 ἐπίσκοπος
2479 3224 2827 3289 Ψονοοῦντος
2852 3225 2904 3262 ¹⁶

529 3404 552 3441 1
582 3409 778 3465 Strabo
807 3411 902 3473 12,
943 3410 1016 3464 16
1046 3427 1102 3479 p.
1147 3410 1476 3477 5783121111.
1504 3411 1585 3466 N.
1618 3412 1696 3465 H.
1720 3410 1779 3474 5,
1817 3410 1894 3465 29
1919 3408 2059 3484 (29),
2093 3408 2574 3476 105;‚Cinnamus
2603 3409 2655 3480 1,
2686 3407 2802 3479 Zp.
2839 3407 2898 3471 5,

445 3492 515 3546 16
547 3492 724 3547 Bonn.
759 3525 839 3533 —
870 3486 896 3523 2
933 3492 1028 3555 12,
1070 3492 1140 3546 16
1174 3510 1230 3562 p.
1266 3493 1407 3547 578.
1453 3493 1616 3546 Hunc
1657 3510 1879 3564 quoque
1915 3492 2018 3546 sub
2046 3498 2254 3547 terram
2282 3492 2704 3546 descendentem
2745 3507 2907 3552 reco-

445 3574 708 3642 gnouisse
747 3575 855 3628 sibi
897 3575 1122 3628 uidetur
1150 3576 1220 3629 A.
1257 3576 1328 3629 H.
1367 3575 1565 3639 Smith,
1611 3576 1859 3629 Journal
1900 3578 1980 3646 of·
1998 3576 2257 3629 Hellenic
2298 3565 2517 3628 studies
2550 3573 2678 3628 VIII
2706 3569 2905 3645 (1887)

442 3674 499 3727 p.
538 3656 676 3711 225.
709 3688 789 3697 -
819 3651 846 3688 ⁸
875 3657 1166 3721 Arundell‚
1199 3658 1249 3711 A
1296 3659 1433 3710 Visit
1461 3666 1515 3710 to
1544 3657 1634 3711 the
1660 3675 1822 3711 seven
1844 3656 2113 3711 charches
2142 3660 2212 3728 of
2221 3658 2383 3720 Asia,
2411 3674 2468 3726 p.
2498 3656 2607 3721 923
2644 3655 2756 3722 933
2792 3655 2900 3723 943

449 3739 558 3793 101
585 3763 599 3804 3
635 3739 1291 3804 Hamilton,Researches
1314 3744 1372 3792 in
1396 3740 1537 3793 Asia
1565 3741 1778 3805 Minor,
1807 3745 1851 3794 t.
1880 3741 1907 3795 I
1928 3758 1985 3811 p.
2015 3738 2169 3806 5063
2199 3738 2350 3806 5073
2380 3739 2532 3805 5083
2562 3737 2715 3805 5093
2752 3734 2901 3802 5132

444 3820 594 3887 5143
624 3820 1020 3886 Tchihatcheff,
1064 3822 1198 3875 Asie
1228 3823 1508 3886 Mineure,
1543 3829 1587 3876 t.
1624 3823 1729 3892 Ip.
1768 3822 1922 3889 2523
1960 3821 2117 3888 2533
2151 3823 2251 3878 W.
2299 3822 2380 3876 M.
2428 3822 2689 3891 Ramsay,
2735 3821 2906 3874 Ame-

442 3907 608 3956 rican
642 3904 889 3957 Journal
916 3907 986 3975 of
1007 3905 1394 3973 Archaeoloqy
1423 3904 1502 3958 ΠΙ
1533 3902 1731 3977 (1887)
1763 3923 1820 3975 p.
1858 3904 1974 3959 346
2016 3922 2063 3958 s,
2103 3922 2119 3971 3
2166 3905 2241 3959 al.
2276 3935 2358 3944 —-
2385 3898 2414 3935 4
2449 3905 2522 3958 In
2557 3904 2792 3972 Eutrop.
2843 3903 2901 3966 2,

445 3985 585 4040 272.
635 4017 716 4025 -
753 3981 781 4018 ⁶
823 3986 1020 4040 Strabo
1071 3987 1168 4051 12,
1222 3986 1294 4040 17
1342 4005 1399 4057 p.
1458 3986 1576 4041 578
1623 3981 1813 4063 σχεδὸν
1866 3982 1922 4041 δέ
1962 4005 2014 4040 τι
2056 3986 2146 4047 καὶ
2193 3991 2339 4040 πᾶσα
2381 3979 2642 4044 εὔσειστός
2694 3981 2829 4037 ἐστιν
2872 3983 2905 4049 ἦ

442 4068 565 4143 περὶ
592 4063 892 4143 Μαίανδρον
920 4066 1080 4144 χώρα
1120 4064 1241 4134 κτλ.
1277 4099 1357 4108 --
1386 4063 1413 4098 ὃ
1443 4069 1648 4122 Euseb.
1678 4069 1874 4123 chron.
1911 4070 1980 4123 ad
2009 4086 2061 4123 a.
2096 4070 2305 4126 Abrah.
2337 4068 2495 4123 2079
2521 4066 2595 4136 (id
2623 4072 2706 4120 est
2735 4066 2814 4121 62
2844 4085 2900 4137 p.

446 4149 548 4204 Ch.
584 4149 665 4224 n.)
697 4157 739 4206 t.
774 4151 828 4205 II
851 4169 906 4222 p.
949 4151 1064 4206 154
1096 4151 1362 4206 Schoene.
1389 4182 1470 4191 —
1493 4144 1517 4182 ⁷
1546 4152 1701 4206 Ann.
1745 4152 1841 4215 14,
1871 4152 2066 4206 27.-
2095 4146 2122 4183 ⁸
2149 4151 2245 4216 12,
2280 4150 2352 4205 13
2382 4168 2440 4221 p.
2478 4149 2618 4204 576.
2654 4179 2733 4190 --
2768 4143 2795 4180 ⁹
2821 4150 2900 4202 N.

443 4234 523 4287 H.
562 4232 622 4304 5,
657 4233 734 4288 32
780 4230 921 4307 (41),
979 4233 1114 4288 145.
1150 4265 1231 4273 —
1263 4228 1404 4304 101,
1439 4234 1509 4300 73
1546 4234 1606 4297 4,
1646 4234 1861 4288 12η-
1898 4228 1949 4265 11
1977 4235 2039 4305 7,
2076 4234 2149 4288 46
2184 4231 2245 4308 (t.
2286 4234 2398 4304 1p.
2439 4231 2593 4287 1056
2624 4232 2672 4286 A
2701 4231 2909 4304 Migne)

447 4309 800 4372 Κολοσσαέων
830 4309 886 4368 δὲ
917 4312 1375 4388 (ἐπίσκοπόςέστι)
1407 4309 1698 4388 Φιλήμων.
1742 4345 1823 4356 -·
1870 4310 1919 4347 ¹2
1949 4316 2130 4370 PariS.
2173 4316 2352 4387 1740,
2385 4320 2429 4368 t.
2464 4315 2491 4369 I
2527 4333 2585 4386 p.
2622 4314 2903 4369 813-816.

446 4428 526 4437 —
561 4390 611 4429 ¹³
640 4397 824 4451 Labbe
854 4403 908 4450 et
937 4398 1183 4463 Cossart,
1223 4399 1432 4453 Concil.
1469 4404 1512 4453 t.
1547 4399 1624 4453 IV
1647 4416 1704 4468 p.
1741 4397 1861 4453 603
1894 4398 1935 4453 C
1966 4393 2256 4476 Νουνέχιος
2277 4394 2568 4458 ἐπίσκοπος
2588 4391 2909 4457 Λαοδικείας

449 4485 543 4544 τῆς
575 4474 963 4554 μητροπόλεως
993 4478 1173 4554 ὁρίσας
1204 4478 1489 4557 ὑπέγραψα
1532 4481 1623 4535 καὶ
1653 4477 1785 4556 ὑπὲρ
1831 4486 1938 4533 τῶν
1969 4477 2213 4534 ἀπόντων
2254 4475 2342 4534 ὑπ’
2391 4475 2488 4551 ἐμὲ
2530 4475 2905 4537 ἐπισκόπων...

445 4557 757 4638 Ἐπιφανίου
784 4556 998 4624 πόλεως
1020 4558 1333 4621 Κολάσσων.
1357 4595 1438 4602 -
1471 4557 1523 4595 14
1551 4564 1618 4618 T.
1665 4562 1742 4618 VI
1772 4581 1828 4633 p.
1870 4562 2025 4617 1199
2049 4563 2091 4618 C
2122 4559 2343 4636 Κοσμᾶς
2367 4557 2656 4622 ἐπίσκοπος
2698 4556 2910 4621 πόλεως

448 4637 768 4710 Κολασσαῆς
806 4640 1148 4711 Πακατιανῆς
1176 4642 1357 4721 ὁρίσας
1387 4643 1692 4722 ὑπέγραψα.
1727 4668 1807 4686 ——-
1837 4640 1888 4677 ¹5
1917 4645 2007 4700 Sic
2029 4646 2320 4699 ediderunt
2354 4645 2540 4700 Labbe
2574 4650 2630 4698 et
2660 4644 2905 4707 Cossart,

449 4727 545 4780 sed
573 4727 757 4781 nescio
788 4727 1043 4798 equidem
1072 4727 1206 4798 quid
1234 4727 1341 4782 sibi
1384 4729 1523 4783 uelit
1564 4728 1672 4782 hoc
1698 4733 2029 4792 monstrum,
2065 4728 2172 4781 nisi
2201 4730 2344 4783 forte
2373 4723 2718 4788 Ψονοοῦντος
2746 4744 2815 4781 ex
2844 4742 2910 4780 eo

449 4810 596 4879 quod
622 4815 704 4863 est
723 4805 924 4864 Χωνῶν
945 4805 1065 4875 ἤτοι
1080 4810 1397 4887 (χονονητοι)
1422 4812 1628 4873 factum
1655 4810 1856 4882 aliquis
1880 4811 2213 4881 suspicetur.
