3650 5684
1406 477 1496 530 nr:
1548 479 1928 533 mRonms
2725 460 2897 535 XXV

431 671 674 734 rentur.
699 687 776 732 ac
802 688 923 733 suo
953 667 1151 734 etiam
1178 671 1476 751 tempore
1505 669 1791 734 oratoria
1819 670 1911 734 ait
1942 670 2150 735 sancti
2179 669 2507 736 Michaelis
2538 670 2716 752 apud
2751 669 2896 736 illos

430 766 727 832 homines
776 771 841 833 et
886 787 1112 834 eorum
1151 767 1460 832 finitimos
1520 772 1777 833 exstare
1824 769 1867 833 ¹.
1911 788 2230 834 canonem
2272 769 2592 852 significat
2650 769 2898 835 concilii

431 865 781 931 Laodiceni
807 886 996 944 XXXV,
1042 886 1172 950 quo
1224 866 1555 932 christiani
1580 869 1893 933 uetantur
1943 868 2279 933 ecclesiam
2320 869 2424 934 dei
2473 869 2776 934 deserere
2831 871 2897 934 et

432 963 614 1029 abire
642 969 715 1030 ut
743 965 1010 1047 angelos
1039 965 1347 1030 innocent
1374 969 1730 1049 coetusque
1782 965 1851 1030 in
1901 986 2127 1032 eorum
2173 967 2491 1033 honorem
2528 968 2821 1033 habeant
2849 967 2895 1033 2.

431 1063 677 1146 templa
706 1065 911 1129 sancti
941 1064 1272 1130 Michaelis
1302 1065 1482 1146 apud
1520 1064 1936 1129 Antiochiam
1961 1065 2086 1131 sita
2129 1066 2483 1150 Procopius
2505 1070 2833 1132 memorat
2848 1067 2895 1147 ⁸,

433 1161 562 1226 alia
608 1163 1005 1228 Sozomenus
1027 1164 1056 1201 4
1106 1167 1171 1231 et
1201 1163 1533 1228 Cedrenus
1561 1165 1603 1228 ⁵.
1635 1167 1865 1246 postea
1907 1164 2067 1229 satis
2098 1169 2355 1230 constat
2396 1167 2594 1231 etiam
2637 1165 2704 1231 in
2734 1164 2896 1232 alias

432 1264 657 1344 gentes
714 1281 791 1326 ac
846 1263 1194 1345 praecipue
1236 1263 1304 1326 in
1344 1262 1597 1327 ltaliam
1641 1263 1706 1326 in
1765 1267 2059 1328 montem
2103 1264 2479 1346 Garganum
2519 1264 2545 1301 ⁶
2586 1268 2786 1346 atque
2828 1264 2895 1329 in

432 1359 904 1426 Norrnanniam
933 1361 1001 1426 in
1023 1364 1315 1426 montem
1336 1360 1665 1426 Tumbam
1697 1361 1721 1399 ⁷
1765 1360 2015 1427 cultum
2061 1363 2270 1429 sancti
2298 1362 2625 1428 Michaelis
2653 1374 2895 1447 propa-

432 1465 658 1542 gatum
689 1479 850 1525 esse.
895 1461 1014 1525 sed
1041 1460 1207 1525 haec
1227 1460 1384 1524 nihil
1416 1461 1501 1525 ad
1530 1479 1671 1540 nOS,
1703 1480 1853 1525 cum
1883 1461 2249 1544 Phrygibus
2277 1462 2468 1527 nobis
2496 1482 2603 1529 res
2633 1467 2752 1541 est,
2784 1463 2896 1547 qui

433 1558 811 1623 Michaelem
874 1560 1337 1641 archangelum
1393 1579 1653 1624 summo
1715 1578 1913 1642 opere
1971 1560 2461 1626 uenerabantur
2516 1566 2715 1645 atque
2770 1562 2896 1628 hoc

310 1676 314 1680 ·
433 1661 771 1740 precatore
799 1658 907 1722 illa
937 1678 1114 1743 aqua
1140 1658 1435 1723 adhibita
1457 1659 1807 1724 sanitatem
1839 1679 1910 1724 se
1933 1662 2286 1742 impetrare
2316 1660 2669 1726 credebant
2690 1661 2735 1725 ⁸.

515 1757 687 1821 Inter
732 1757 1031 1822 homines
1081 1758 1196 1823 tali
1246 1757 1704 1840 superstitione
1759 1758 2079 1840 obligatos
2139 1758 2324 1824 facile
2374 1758 2514 1824 fieri
2561 1759 2772 1842 potuit
2826 1763 2899 1827 ut

433 1855 714 1938 quoduis
734 1856 1032 1921 naturale
1052 1856 1417 1939 prodigium
1440 1857 1526 1921 ab
1549 1857 1779 1922 eodem
1805 1857 1912 1921 illo
1936 1857 2326 1939 archangelo
2349 1858 2654 1924 effectum
2675 1858 2899 1924 crede-

408 1957 630 2033 retur,
655 1959 721 2019 et
741 1960 930 2020 erunt
959 1956 1070 2038 qui
1100 1956 1417 2021 mirentur
1447 1975 1561 2020 cur
1586 1957 2032 2022 narrationem
2054 1957 2136 2022 de
2158 1957 2442 2022 oratorio
2466 1958 2550 2021 ab
2574 1977 2899 2041 aquarum

432 2052 682 2135 impetu
711 2054 980 2119 defenso
1003 2059 1068 2119 et
1095 2054 1309 2120 fluuiis
1333 2056 1399 2119 in
1422 2059 1637 2120 terrae
1664 2056 1919 2121 hiatum
1941 2055 2384 2139 praecipitatis
2408 2056 2493 2121 ab
2515 2075 2647 2121 uno
2679 2057 2899 2140 aliquo

432 2151 696 2217 homine
727 2158 901 2217 certo
932 2154 1199 2218 consilio
1223 2154 1426 2218 semel
1456 2155 1888 2236 excogitatam
1919 2158 2165 2237 putem,
2196 2175 2328 2220 non
2359 2154 2524 2220 forte
2547 2174 2624 2219 ac
2653 2159 2901 2222 temere

434 2269 474 2314 a
497 2251 790 2332 pluribus
813 2256 1104 2316 nontam
1131 2252 1468 2318 inuentam
1492 2273 1691 2335 quam
1719 2255 1907 2337 quasi
1929 2254 2455 2337 imprudentibus
2484 2258 2549 2319 et
2576 2253 2902 2319 inscienti-

438 2347 562 2411 bus
607 2347 921 2413 creditam
970 2354 1035 2413 et
1075 2353 1429 2431 receptam,
1468 2350 1620 2414 dein
1662 2351 1984 2434 paulatim
2014 2354 2399 2416 exornatam
2436 2371 2515 2416 ac
2547 2353 2902 2417 memoriae

440 2445 787 2528 proditam,
824 2453 1153 2529 postremo
1182 2448 1382 2512 talem
1413 2449 1547 2513 fere
1579 2449 1842 2532 qualem
1869 2468 2043 2514 nunc
2072 2450 2344 2531 legimus
2369 2449 2595 2515 litteris
2626 2450 2902 2515 manda-

434 2548 590 2609 tam.
614 2545 752 2609 eius
780 2546 874 2611 rei
905 2546 1036 2612 iam
1060 2546 1250 2611 uideo
1273 2545 1432 2611 mihi
1460 2547 1781 2613 rationem
1802 2548 2212 2613 reddendam
2243 2568 2406 2613 esse.
2697 2575 2702 2579 ·

515 2642 612 2707 Ac
633 2645 917 2726 primum
946 2664 1079 2709 non
1102 2645 1192 2710 ita
1222 2664 1392 2728 quae
1415 2645 1545 2710 diXi
1571 2646 1775 2729 accipi
1797 2646 1995 2712 uelim
2018 2647 2205 2730 quasi
2235 2647 2501 2714 omnino
2523 2649 2902 2729 negauerim

434 2741 556 2806 loci
588 2742 834 2807 incolas
877 2743 1186 2825 potuisse,
1232 2763 1382 2808 cum
1433 2746 2033 2829 contemplarentur
2068 2751 2331 2811 uastum
2376 2747 2557 2811 illurn
2584 2748 2903 2830 gurgitem

521 2923 543 2960 ¹
571 2929 902 2984 Theodoret.
939 2934 1002 2984 in
1049 2932 1165 2987 Col.
1204 2931 1263 2996 2,
1311 2931 1407 2996 18,
1453 2933 1681 2987 Patrol.
1721 2949 1820 3002 qr.
1866 2934 1952 2992 ed.
1991 2934 2182 3004 Migne
2222 2940 2266 2989 t.
2303 2935 2568 2990 LXXXII
2606 2954 2667 3014 p.
2703 2935 2822 2991 613
2853 2936 2904 2991 A

441 3009 494 3065 οὶ
537 3009 627 3080 ’τῷ
684 3010 837 3084 νόμῳ
894 3017 1302 3090 συνηγοροῦντες
1360 3014 1449 3083 καὶ
1499 3013 1623 3076 τοὺς
1675 3010 1934 3091 ἀγγέλους
1984 3013 2153 3090 σέβειν
2207 3012 2384 3076 αὐτοῖς
2436 3015 2765 3092 εἰσηγοῦντο,
2820 3012 2905 3072 διὰ

438 3090 642 3147 τούτων
665 3088 904 3167 λέγοντες
925 3090 1165 3150 δεδόσθαι
1192 3095 1283 3150 τὸν
1317 3094 1501 3169 νόμον.
1536 3094 1705 3171 ἔμεινε
1733 3093 1790 3151 δὲ
1817 3103 1979 3152 τοῦτο
2020 3098 2085 3152 τὸ
2122 3097 2293 3159 πάθος
2345 3096 2395 3153 ἐν
2436 3103 2506 3172 τῇ
2550 3095 2766 3176 Φρυγίᾳ
2813 3099 2905 3156 καὶ

438 3170 649 3246 Πισιδίᾳ
699 3174 861 3252 μέχρι
900 3173 1128 3237 πολλοῦ.
1179 3178 1244 3233 οὗ
1287 3173 1351 3246 δὴ
1402 3178 1558 3256 χάριν
1609 3181 1700 3233 καὶ
1748 3175 2071 3234 συνελθοῦσα
2105 3177 2322 3243 σύνοδος
2372 3178 2423 3235 ἐν
2464 3177 2758 3254 Λαοδικείᾳ
2804 3188 2904 3250 τῆς

441 3253 682 3334 Φρυγίας
726 3260 878 3332 νόμῳ
934 3256 1211 3315 κεκώλυκε
1259 3261 1322 3315 τὸ
1369 3267 1480 3324 τοῖς
1525 3257 1769 3338 ἀγγέλοις
1813 3259 2242 3341 προσεύχεσθαι·
2276 3264 2367 3318 καὶ
2394 3263 2556 3342 μέχρι
2578 3259 2634 3318 δὲ
2675 3269 2772 3319 τοῦ
2814 3269 2904 3319 νῦν

437 3337 691 3413 εὔκτήρια
724 3345 821 3395 τοῦ
856 3340 1009 3416 ἁγίου
1038 3337 1264 3420 Μιχαὴλ
1291 3339 1424 3420 παρ’
1465 3343 1681 3406 ἐκείνοις
1712 3345 1802 3398 καὶ
1829 3349 1941 3406 τοῖς
1969 3344 2190 3422 ὁμόροις
2222 3343 2430 3400 ἐκείνων
2462 3343 2598 3401 ἔστιν
2625 3342 2773 3404 ἰδεῖν.
2821 3379 2903 3388 —

437 3416 464 3454 ²
494 3424 678 3478 Labbe
708 3430 762 3479 et
791 3423 1036 3497 Cossart,
1077 3426 1285 3480 Concil.
1322 3433 1363 3485 t.
1394 3428 1420 3482 I
1447 3446 1504 3498 p.
1546 3428 1703 3482 1504
1743 3424 1827 3481 ὅτι
1875 3423 1939 3481 ού
1988 3423 2067 3482 δεῖ
2116 3426 2451 3504 χριστιανοὺς
2505 3424 2904 3505 ἐγκαταλείπειν

435 3505 532 3571 τὴν
583 3502 864 3572 ἐκκλησίαν
915 3512 1008 3561 τοῦ
1052 3507 1173 3562 θεοῦ
1216 3508 1306 3562 καὶ
1346 3506 1554 3563 ἀπιέναι
1602 3509 1692 3564 καὶ
1721 3505 1981 3585 ἀγγέλους
2023 3508 2300 3583 ὀνομάζειν
2330 3511 2421 3566 καὶ
2448 3504 2677 3575 συνάξεις
2706 3504 2899 3587 ποιεῖν,

436 3587 572 3664 ἅπερ
594 3585 978 3664 ἀπηγόρευται.
1013 3585 1062 3644 εἴ
1079 3609 1155 3651 τις
1186 3587 1275 3644 οὗν
1299 3588 1486 3666 εὑρεθῇ
1507 3588 1676 3666 ταύτῃ
1698 3597 1767 3666 τῇ
1790 3590 2132 3668 κεκρυμμένῃ
2157 3588 2569 3670 εἷδωλολατρείᾳ
2590 3588 2900 3671 σχολάζων,

434 3664 573 3724 ἔστω
596 3667 855 3745 ἀνάθεμα,
872 3669 954 3726 ὅτι
975 3668 1290 3746 ἐγκατέλιπε
1309 3673 1400 3728 τὸν
1429 3671 1607 3750 κύριον
1633 3674 1790 3747 ὴμῶν
1806 3670 2015 3741 ,Ἰησοῦν
2037 3672 2267 3752 Χριστὸν
2280 3675 2371 3730 τὸν
2401 3675 2511 3730 υἱὸν
2534 3681 2629 3732 τοῦ
2660 3677 2782 3732 θεοῦ
2811 3678 2906 3734 καὶ

436 3747 845 3829 εἰδωλολατρείᾳ
872 3750 1192 3831 προσῆλθεν.
1232 3786 1298 3796 --
1341 3750 1369 3789 3
1396 3758 1548 3811 Bell.
1583 3759 1752 3813 PerS.
1782 3758 1864 3831 2,
1903 3758 1972 3812 11
2020 3777 2077 3829 p.
2118 3759 2233 3813 199
2277 3761 2456 3814 Bonn.
2512 3756 2903 3836 (Χοσρόης).,ἐς

435 3830 648 3911 Δάφνην
683 3833 844 3910 ἀνέβη
869 3837 931 3892 τὸ
957 3831 1290 3915 Ἀντιοχείας
1332 3837 1725 3915 προάστειον...
1761 3840 1851 3894 καὶ
1894 3837 2053 3901 θύσας
2101 3845 2216 3902 ταῖς
2259 3839 2487 3918 νύμφαις
2516 3840 2689 3896 ἀπιὼν
2720 3838 2902 3921 ᾤχετο
2940 3862 2947 3869 ·

437 3912 573 3971 ἄλλο
625 3918 719 3990 μὲν
775 3913 923 3973 οὐδὲν
966 3915 1361 3995 λυμηνάμενος,
1414 3925 1508 3975 τοῦ
1565 3916 1624 3975 δὲ
1674 3918 2017 3999 ἀρχαγγέλου
2069 3919 2292 3999 Μιχαὴλ
2337 3923 2398 3978 τὸ
2440 3922 2579 4001 ἱερὸν
2617 3921 2932 3985 καύσας...“

436 3996 490 4061 ἐς
528 4005 709 4078 χῶρον
751 3997 1042 4077 κρημνώδη
1081 4001 1217 4080 ἀμφὶ
1261 4003 1352 4058 τὸν
1394 3998 1681 4079 λεγόμενον
1722 4004 1919 4079 τρητὸν
1962 4000 2168 4071 ἦλθε...
2202 4005 2268 4059 οὗ
2312 4002 2376 4071 δὴ
2418 4012 2516 4060 τοῦ
2559 4002 2903 4083 ἀρχαγγέλου

437 4079 588 4204 Q?
591 4078 744 4220 *²313ss
747 4082 934 4222 ώῖἕῖἶ
939 4081 1117 4224 ᾍΕὖὲ
1121 4081 1437 4243 ριδοῗιξρῖἴν
1447 4086 1707 4224 'ffXirilO’
1729 4087 2510 4245 139ἓῗθέἪῑῇἕὲῗῖῗιίἔθΠέξ
2513 4091 2682 4225 ¹¹:¹3ssss
2685 4108 2721 4160 Ρ
2723 4096 2903 4227 &ari-ti

438 4186 1237 4325 ΜιχαήλιονονομαζόμενοςΡέν
1266 4212 1407 4322 δεξιᾷ·
1435 4188 1790 4306 καταπλέὲντι
1818 4248 1881 4306 ἐκ
1916 4188 2127 4307 Πόντοῗ
2158 4252 2229 4315 εἷς
2268 4190 2898 4314 Κωνῑταντινούξτολινῖ..

437 4323 603 4406 ἔλαχε
631 4324 778 4385 δὲ-τὸ
801 4330 1001 4409 χωρίον
1023 4337 1183 4387 τοῦτο
1227 4334 1320 4400 τὴν
1360 4334 1467 4387 νυνὶ
1508 4337 1806 4409 κρατοῦσαν
1840 4332 2202 4411 προσηγορίαν
2231 4334 2421 4389 καθότι
2447 4335 2789 4401 πεπίστευται
2818 4333 2904 4391 ἐν·

437 4408 563 4467 θάδε
608 4410 965 4490 ἐπιφαίνεσθαι
990 4411 1215 4492 Μιχαὴλ
1262 4416 1355 4470 τὸν
1404 4415 1539 4470 θεῖον
1582 4412 1944 4512 ἀρχάγγελονῖ
1983 4449 2065 4458 ·-
2102 4413 2308 4513 {Hist
2364 4421 2651 4490 compend.
2684 4438 2744 4520 p.
2785 4420 2900 4476 120

436 4493 804 4651 &3:323
832 4496 2373 4658 {tarra:iz-2222.<³5.‡‡333222215;{‡?.3222115{
2409 4497 2901 4639 {scrutur

436 4655 779 4736 ἀρχαγγέλου
808 4657 1033 4739 Μιχαὴλ
1061 4658 1281 4717 ἐκάλεσε
1302 4669 1476 4718 πᾶσαν
1504 4659 1840 4741 καλλιεργίαν
1863 4665 1953 4718 καὶ
1982 4663 2348 4742 καρποφορίαν
2371 4662 2422 4719 ἐν
2446 4662 2593 4739 αὐτῷ
2622 4664 2898 4728 τυπώσας.

436 4773 516 4782 --
540 4737 567 4773 ⁶
593 4744 718 4798 AA.
754 4745 848 4798 SS.
897 4753 1040 4816 sept.
1089 4753 1131 4800 t.
1167 4747 1297 4802 VIII
1339 4766 1395 4818 p.
1432 4747 1506 4802 61
1543 4765 1618 4802 SS.
1654 4778 1735 4819 —·
1767 4741 2055 4804 ⁷AA.SS.
2091 4754 2232 4819 sept.
2267 4754 2311 4803 t.
2350 4749 2479 4804 VIII
2519 4768 2576 4821 p.
2605 4750 2684 4804 76
2708 4768 2784 4805 ss.
2820 4778 2902 4794 -·-

395 4868 398 4872 Α
436 4819 463 4856 ⁸
493 4824 578 4880 Cf.
613 4826 758 4880 infra
784 4826 841 4891 4,
881 4827 990 4895 103
1031 4828 1140 4894 123
1175 4828 1285 4902 163
1319 4835 1425 4884 cet.

3196 0 3303 7 rw
