3650 5684
1405 474 1494 526 DE
1546 464 1901 526 ARCHIPPO
2724 475 2902 527 XXIII

432 662 674 728 latione
714 663 1047 745 Archippo
1096 662 1285 743 facta,
1324 664 1378 728 is
1430 682 1577 728 cum
1628 663 1763 728 uim
1813 663 2034 729 uerbis
2077 664 2317 729 inferat
2357 668 2499 730 tum
2540 665 2716 730 malo
2768 685 2902 731 non

431 764 791 837 medeatur,
823 765 1133 846 quoniam
1176 763 1468 841 Michael‚
1512 783 1647 827 non
1690 763 2062 846 Archippus
2106 764 2391 830 debebat
2432 758 2500 828 in
2545 765 2669 830 hoc
2712 767 2900 832 titulo

429 863 644 927 locum
680 863 972 927 obtinere
1001 862 1406 943 primarium.
1431 861 1797 943 significant
1818 866 2040 927 autem
2065 862 2170 927 illa
2192 864 2400 928 uerba
2422 868 2646 945 aperte
2673 884 2902 932 narra-

429 963 674 1026 tionem
708 967 772 1026 et
801 962 1266 1026 reuelationem
1298 962 1382 1026 ab
1412 961 1744 1044 Archippo
1773 962 2003 1026 factas,
2046 962 2220 1027 unde
2251 968 2524 1044 apparet
2553 965 2899 1045 postmodo

429 1079 510 1125 ea
537 1061 792 1125 adiecta
831 1080 973 1124 esse
1004 1080 1151 1126 cum
1180 1061 1321 1143 ipse
1350 1060 1626 1142 scriptor
1656 1064 1772 1123 aut
1800 1059 1929 1124 alia
1959 1065 2073 1125 aut
2102 1060 2259 1125 nihil
2290 1060 2452 1125 libro
2483 1082 2601 1125 suo
2632 1063 2901 1145 inscrip-

430 1160 637 1224 sisset.
653 1179 807 1224 nam
837 1180 968 1224 non
997 1160 1287 1242 potuisse
1321 1180 1470 1224 eum
1512 1161 1624 1242 qui
1653 1158 1892 1224 librum
1922 1160 2252 1243 scripserit
2280 1161 2365 1225 ab
2390 1161 2719 1244 Archippo
2749 1182 2900 1227 eum

428 1258 741 1340 scriptum
769 1259 983 1324 dicere
1011 1259 1342 1340 intelleget
1371 1259 1764 1343 quicumque
1794 1278 1945 1323 eum
1977 1258 2204 1341 legerit
2245 1263 2309 1324 et
2353 1260 2610 1342 pridem
2630 1281 2895 1344 perspe-

426 1362 665 1422 xerunt
712 1358 1121 1422 Bollandiani
1154 1359 1216 1422 ³¹.
1271 1358 1413 1441 quis
1460 1363 1679 1422 autem
1748 1361 1861 1421 aut
1905 1378 2038 1440 qua
2086 1358 2168 1423 de
2213 1377 2415 1423 causa
2481 1362 2619 1423 tam
2677 1360 2898 1443 inepte

427 1458 630 1539 egerit
656 1457 906 1522 nescire
934 1472 1041 1523 me
1081 1458 1306 1522 fateor.
1345 1457 1469 1521 hoc
1511 1457 1823 1538 suspicor3
1854 1457 2193 1521 librarium
2224 1456 2528 1540 aliquem,
2558 1479 2707 1523 cum
2737 1459 2899 1525 liber

428 1555 568 1620 sine
598 1556 863 1620 nomine
893 1555 1417 1620 circumferretur
1448 1558 1562 1620 aut
1586 1559 1760 1620 certe
1789 1554 1878 1619 illi
1908 1555 1974 1619 in
1996 1574 2231 1620 manus
2261 1556 2567 1634 uenisset,
2590 1558 2898 1639 inspectis

426 1655 653 1738 primis
683 1655 937 1737 paginis
979 1674 1218 1719 nomen
1261 1654 1437 1737 quod
1481 1654 1571 1718 ibi
1611 1654 1875 1735 legisset
1904 1655 2071 1719 libro
2101 1655 2524 1737 inscripsisse.
2554 1676 2711 1722 nam
2738 1657 2898 1722 illu'd

424 1753 536 1817 uix
578 1753 835 1818 uidetur
873 1774 1021 1818 cum
1068 1753 1289 1836 aliqua
1330 1752 1753 1818 similitudine
1795 1753 1937 1817 ueri
1978 1754 2132 1836 fingi
2161 1773 2374 1836 posse,
2405 1766 2536 1837 quo
2565 1755 2897 1838 inscriptio

425 1850 549 1933 ipsi
579 1844 875 1934 scriptori
901 1853 1285 1930 uindicetur‚
1308 1852 1491 1917 illum
1510 1853 1577 1916 in
1602 1872 1681 1916 ea
1702 1856 1892 1934 parte
1915 1851 2108 1917 libelli
2133 1872 2334 1935 quam
2364 1854 2593 1918 deesse
2615 1855 2895 1921 diximus

427 1950 568 2015 siue
610 1952 945 2034 scripsisse
983 1952 1122 2015 siue
1167 1952 1558 2034 scripturum
1591 1951 1790 2015 fuisse
1834 1971 1974 2016 rem
2018 1954 2224 2015 totam
2269 1952 2391 2016 sibi
2434 1954 2519 2017 ab
2564 1953 2895 2038 Archippo

423 2054 759 2114 narratam
810 2071 886 2115 ac
937 2050 1296 2115 reuelatam
1341 2069 1502 2114 esse.
1544 2069 1698 2114 nam
1731 2050 1987 2114 etiamsi
2027 2050 2343 2115 uoluisset
2386 2050 2499 2116 tali
2530 2057 2898 2118 commento

425 2149 785 2214 narrationi
828 2169 986 2214 suae
1017 2150 1471 2214 auctoritatem
1507 2148 1779 2213 adferre*
1804 2152 1870 2212 et
1914 2148 2133 2227 fidem,
2164 2151 2385 2214 statim
2417 2149 2500 2216 ab
2532 2151 2733 2229 initio,
2763 2171 2898 2217 non

422 2248 489 2311 in
521 2248 650 2313 fine
674 2249 739 2313 id
769 2249 1138 2313 faciendum
1161 2250 1299 2322 fuit,
1323 2268 1400 2313 ac
1421 2268 1504 2313 ne
1526 2252 1663 2312 tum
1692 2247 1959 2330 quidem
1988 2248 2159 2313 hanc
2181 2250 2645 2327 narrationem,
2675 2252 2741 2315 in
2765 2266 2899 2333 qua

421 2348 631 2411 multa
658 2348 880 2413 insunt
909 2367 1078 2430 quae
1101 2367 1231 2412 non
1262 2347 1473 2429 potuit
1503 2347 1588 2412 ab
1618 2347 1952 2428 Archippo
1975 2348 2289 2430 accipere,
2319 2348 2558 2413 licebat
2586 2353 2894 2432 Ἀρχίππου

420 2446 658 2526 διήγησιν
700 2466 1100 2537 nuncupare.
1129 2447 1249 2511 sed
1296 2447 1527 2511 falsam
1574 2465 1718 2510 esse
1762 2446 2254 2529 inscriptionem
2307 2448 2507 2511 etiam
2552 2450 2894 2531 ἀρχαγγέλου

419 2545 812 2610 uocabulum
837 2546 1220 2626 comprobat
1250 2546 1316 2609 in
1347 2563 1424 2609 ea
1447 2545 1753 2627 positum,
1779 2564 1930 2608 cum
1959 2545 2044 2609 ab
2068 2544 2210 2628 ipso
2240 2546 2666 2628 scriptore-ne
2693 2546 2895 2612 semel

420 2644 688 2725 quidem
717 2650 1108 2726 usurpatum
1147 2644 1248 2708 sit.
1277 2664 1434 2708 nam
1473 2643 1628 2708 illud
1673 2662 1807 2707 non
1847 2661 2075 2725 premo
2121 2644 2300 2726 quod
2344 2663 2423 2709 ea
2461 2665 2631 2726 quae
2670 2645 2895 2710 inscriss-

418 2742 657 2824 ptionis
688 2744 826 2808 loco
859 2743 927 2807 in
948 2743 1127 2807 libris
1149 2761 1351 2808 manu
1393 2743 1648 2826 scriptis
1690 2742 1993 2823 leguntur
2044 2743 2325 2808 multum
2356 2743 2525 2808 inter
2555 2764 2625 2808 se
2657 2740 2895 2811 disere*-

418 2845 624 2923 pant;
664 2842 906 2925 quippe
936 2863 1015 2907 ex
1044 2862 1173 2907 uno
1215 2846 1441 2907 tamen
1483 2846 1680 2924 atque
1730 2841 1965 2906 eodem
1995 2842 2171 2908 fonte
2204 2861 2284 2907 ea
2333 2843 2553 2908 omnia
2594 2843 2899 2909 deriuata

418 2960 561 3004 esse
593 2945 887 3023 apparet.

500 3233 520 3270 ¹
550 3240 674 3294 ΛΑ.
711 3241 806 3295 SS.
842 3246 984 3310 sept.
1020 3246 1062 3294 t.
1100 3240 1229 3295 VIII
1254 3259 1308 3311 p.
1344 3240 1415 3294 41
1454 3241 1497 3293 Β
1528 3245 1564 3306 5
1592 3239 1729 3295 199.
