3650 5684
460 431 661 525 [315]
1340 420 1594 507 cHoms
1645 452 2055 508 PATRATUM.
2741 389 2751 397 -
2838 428 2932 513 27

461 646 571 717 τοῦ
605 650 945 744 Ἀρχίππου
981 649 1082 714 καὶ
1118 647 1276 715 οὕτω
1312 654 1407 745 τῇ
1428 655 1746 746 προσευχῇ
1797 646 2075 744 λιπαρῶς
2112 653 2463 745 ἐγκειμένου
2500 651 2628 720 θεία
2662 678 2755 731 τις
2793 653 2931 746 ὄψις

464 766 821 859 άπορρήτως
849 763 1074 832 ἄνωθεν
1101 770 1461 831 καταπτᾶσαι
1495 766 1645 859 πρὸς
1682 763 1875 856 ὄνομα
1910 767 2014 833 τὸν
2049 764 2235 861 ἄνδρα
2270 765 2473 835 ἐκάλει
2495 824 2512 841 .
2550 769 2651 835 καὶ
2677 771 2781 837 τὸν
2820 773 2931 862 μὲν

461 879 568 949 τοῦ
595 881 711 950 νεὼ
730 879 822 978 (1)
857 876 1170 959 ἐξελθόντα
1202 884 1409 974 πρηνῆ
1447 879 1664 958 εὐθέως
1699 879 1727 919 ⁸
1760 884 2121 949 καταπεσεῖν
2150 886 2247 949 οἷα
2277 885 2364 974 μὴ
2394 885 2647 978 φέροντα
2672 885 2928 977 τοιούτῳ

462 1001 570 1076 τὰς
608 996 777 1090 ὄψεις
812 996 1001 1073 ἀδεῶς
1035 993 1454 1089 προσβάλλειν
1490 996 1771 1088 θεάματι,
1804 999 1917 1077 τὴν
1946 997 2009 1064 δὲ
2037 999 2188 1090 πρὸς
2216 1000 2399 1066 αὐτὸν
2428 1000 2721 1081 ἀνάστηθι
2747 1005 2932 1097 φάναι

393 1133 426 1193 ἦ
464 1115 563 1180 καὶ
598 1113 771 1206 δεῦρο
823 1115 974 1206 πρός
1029 1138 1105 1203 με
1159 1114 1260 1179 καὶ
1318 1110 1455 1204 ὄψει
1508 1112 1643 1181 θεοῦ
1696 1112 1953 1203 δύναμιν
1999 1114 2246 1209 ἄμαχον
2296 1119 2357 1182 ἐν
2401 1116 2639 1194 τούτοις
2676 1113 2750 1197 δὴ
2803 1122 2933 1196 τοῖς

467 1233 734 1324 ἰσχυρῶς
771 1230 1122 1323 συρρέουσιν
1151 1227 1367 1299 ὕδασι.
1413 1226 1813 1320 συμβαλόντα
1847 1232 2171 1324 τοιγαροῦν
2197 1233 2300 1298 τὸν
2341 1234 2636 1325 μακάριον
2663 1234 2927 1328 ’Ἀρχιπ-

461 1372 574 1414 πον
610 1347 694 1423 ὡς
721 1348 895 1422 οὗτος
931 1347 1154 1422 ἐκεῖνος
1190 1346 1222 1411 ὁ
1260 1346 1454 1440 μέγας
1481 1349 1543 1413 ἐν
1581 1347 1857 1438 οὐρανοῖς
1894 1348 2391 1441 ἀρχιστράτηγος
2419 1345 2516 1429 εἴη
2554 1352 2771 1430 στῆναι
2820 1352 2934 1441 μὲν

463 1463 546 1539 ὡς
581 1450 889 1553 ἐπέσκηψε
915 1461 1056 1553 παρ’
1087 1462 1268 1529 αὐτὸν
1296 1465 1358 1529 ἐν
1394 1465 1704 1554 άριστερᾷ,
1747 1459 1971 1529 στύλον
2006 1461 2035 1500 4
2071 1462 2133 1530 δὲ
2160 1467 2548 1559 παραχρῆμα
2581 1467 2771 1558 πυρὸς
2807 1468 2928 1533 ἀπὸ

461 1582 578 1673 γῆς
605 1580 717 1656 ἕως
747 1579 930 1645 αὐτοῦ
958 1576 1244 1658 διήκοντα
1273 1577 1419 1645 ἰδεῖν
1447 1574 1701 1671 οὐρανοῦ
1729 1577 1757 1616 5
1782 1579 1885 1644 καὶ
1920 1582 2123 1673 φωνῆς
2152 1578 2377 1648 ἐκεῖθεν
2411 1582 2666 1648 άκοῦσαι
2694 1580 2934 1674 θαρρεῖν

366 1713 428 1767 10
464 1697 627 1784 αὐτῷ
665 1698 765 1761 καὶ
802 1696 889 1784 μὴ
927 1692 1182 1762 δεδιέναι
1233 1694 1683 1788 παρεγγυώσης
1717 1712 1734 1731 ·
1773 1692 1904 1761 εἶτα
1938 1698 2226 1789 χωρῆσαι
2285 1698 2395 1786 μὲν
2448 1697 2539 1763 ἐπ’
2593 1698 2812 1774 αὐτοὺς
2864 1699 2933 1765 τὸ

463 1811 647 1905 ὕδωρ,
689 1812 796 1879 τοῦ
830 1809 892 1877 δὲ
918 1812 1100 1904 χεῖρά
1135 1835 1200 1876 τε
1237 1812 1613 1904 ἀνασχόντος
1647 1812 1717 1878 τὸ
1760 1812 1868 1876 τοῦ
1916 1814 2178 1904 σταυροῦ
2213 1837 2280 1878 τε
2315 1814 2572 1902 σημεῖον
2624 1811 2929 1879 διατυπώ-

463 1953 680 2004 σαντος
715 1927 817 1992 καὶ
851 1928 1070 2006 στῆναι
1097 1929 1252 1992 κατὰ
1283 1925 1497 2019 χώραν
1530 1928 1659 2003 τοῖς
1694 1929 1996 2018 ποταμοῖς
2032 1928 2510 2019 ἐπισκήψαντος,
2564 1929 2706 1996 ὅσον
2759 1953 2868 1995 σου
2906 1928 2933 1966 ⁶

461 2044 530 2110 τὸ
575 2039 807 2123 πλῆθος
868 2041 1091 2135 Χριστὲ
1141 2043 1254 2122 τῆς
1301 2040 1640 2133 δυνάμεως,
1696 2038 1937 2109 εἴδοσαν
1990 2043 2171 2109 αὐτὸν
2226 2041 2416 2109 ὕδατα
2470 2040 2796 2134 ψαλμικῶς
2839 2041 2933 2139 (2)

464 2160 646 2253 φάναι
676 2154 767 2255 (3)
802 2158 903 2223 καὶ
939 2155 1327 2251 ἐφοβήθησαν
1373 2157 1474 2223 καὶ
1528 2157 1674 2223 ὡσεὶ
1708 2159 1916 2250 τεῖχος
1960 2156 2177 2234 εὐθέως
2241 2159 2560 2252 ἐπάγησαν
2603 2181 2618 2196 ·
2679 2156 2934 2252 ἄραντος

368 2293 430 2344 w
470 2275 671 2341 τοίνυν
714 2269 883 2350 αὖθις
936 2274 1163 2341 ἐκείνου
1210 2274 1324 2353 τὴν
1376 2267 1571 2350 δεξιὰν
1618 2273 1720 2339 καὶ
1773 2278 1850 2369 τῇ
1902 2276 2069 2366 παρὰ
2121 2277 2209 2362 τῷ
2259 2279 2385 2362 ναῷ
2436 2275 2627 2368 πέτρᾳ
2660 2276 2774 2354 τὴν
2825 2278 2932 2342 τοῦ

468 2391 729 2484 σταυροῦ
778 2390 804 2427 ⁷

853 2388 1166 2484 σφραγῖδα
1196 2389 1726 2484 ξὺποτυπώσαντος
1773 2390 2035 2482 βροντήν
2069 2416 2136 2457 τε
2183 2389 2396 2483 ἀθρόον
2447 2395 2925 2485 καταρραγῆναι,

466 2505 779 2587 σεισθῆναί
825 2532 891 2573 τε
955 2507 1115 2600 μέγα
1157 2506 1270 2586 τὴν
1320 2508 1440 2600 γῆν
1488 2527 1504 2543 ·
1563 2505 1665 2572 καὶ
1724 2507 1838 2586 τὴν
1892 2507 2001 2596 μὲν
2056 2507 2282 2599 πέτραν
2328 2508 2482 2599 ὁμοῦ
2550 2511 2637 2596 τῷ
2698 2512 2934 2598 σεισμῷ

467 2622 770 2717 διασχεῖν,
825 2623 929 2689 τὸν
982 2621 1047 2688 δὲ
1091 2623 1160 2689 τὸ
1206 2622 1453 2715 στερρὸν
1501 2624 1654 2718 αὐτῇ
1710 2623 1811 2688 καὶ
1855 2619 2044 2689 πάλιν
2097 2619 2313 2701 ὅπλον,
2363 2625 2477 2702 τὴν
2526 2622 2789 2717 φοβερὰν
2815 2625 2933 2690 τοῦ

470 2739 732 2831 σταυροῦ
765 2737 1077 2833 σφραγῖδα
1111 2735 1486 2826 ἐπιβαλόντα
1529 2738 1882 2830 συντριβείη
1919 2740 2030 2828 μὲν
2084 2737 2337 2806 ἐνταῦθα
2381 2741 2570 2806 εἰπεῖν
2604 2743 2775 2804 πᾶσα
2824 2741 2934 2806 τοῦ

366 2872 430 2929 20
468 2855 881 2946 ἀντικειμένου
932 2857 975 2934 ἢ
1011 2853 1355 2932 δυναστεία,
1397 2856 1701 2948 πηγάσειε
1742 2852 1804 2920 δὲ
1857 2857 2057 2923 κακῶν
2113 2857 2395 2948 ἁπάντων
2423 2850 2769 2949 ἀπαλλαγὴ
2806 2858 2935 2932 τοῖς

465 2973 697 3061 πιστῶς
748 2972 1104 3064 προσιοῦσιν
1142 2990 1159 3008 ·
1207 2969 1399 3047 οὕτως
1458 2972 1706 3037 εἰπόντα
1764 2972 1878 3050 τὴν
1941 2970 2041 3037 ἐπὶ
2098 2973 2174 3036 τὰ
2227 2965 2391 3049 δεξιὰ
2452 2972 2791 3062 μετάβασιν
2842 2977 2932 3061 τῷ

465 3086 781 3182 Ἀρχίππῳ
808 3086 1477 3183 παρεγγυῆσαι·τοῦ·δ“ε
1499 3088 1908 3178 μεταστάντος
1931 3085 1958 3124 ⁸
1986 3091 2048 3155 ἐν
2075 3082 2241 3174 δεξιᾷ
2271 3088 2476 3177 καὶτῷ
2495 3089 2931 3181 προστάγματι

465 3207 851 3297 παραχρῆμα
909 3203 1403 3296 ὑπηρετήσαντος
1458 3200 1701 3298 μεγάλῃ
1765 3204 1849 3280 ὡς
1910 3200 2041 3297 εἶχε
2099 3205 2203 3270 τὸν
2265 3205 2757 3298 ἀρχιστράτηγον
2826 3204 2930 3269 καὶ

466 3317 723 3413 λαμπρᾷ
747 3326 822 3417 τῇ
863 3325 1031 3416 φωνῇ
1062 3324 1124 3388 ἐν
1150 3326 1226 3416 τῇ
1263 3319 1440 3415 χώνῃ
1476 3319 1669 3416 ταύτῃ
1708 3317 2059 3414 χωνεύθητε
2097 3322 2225 3397 τοῖς
2265 3322 2567 3410 ποταμοῖς
2615 3320 2683 3385 τὸ
2717 3315 2935 3386 λοιπὸν

367 3452 432 3504 2⁸
469 3432 940 3532 ἐγκελεύσασθαι
968 3455 986 3474 ·
1024 3436 1126 3502 καὶ
1159 3439 1266 3505 τοῦ
1293 3439 1653 3531 πράγματος
1690 3434 1849 3503 οὕτω
1902 3430 2257 3529 παραδόξως
2303 3439 2458 3502 κατὰ
2506 3437 2575 3502 τὸ
2619 3431 2934 3502 κελευσθὲν

468 3747 548 3763 --
581 3710 608 3748 3
629 3733 741 3773 scr.
780 3710 972 3776 εὒθέως
996 3710 1205 3790 λέγεται
1227 3715 1249 3769 2
1280 3717 1588 3786 infinitivo-3
1616 3717 1893 3770 eiusmodi
1920 3719 2042 3770 sine
2069 3716 2229 3770 verbo
2256 3717 2417 3786 finito
2438 3716 2592 3786 apud
2612 3714 2938 3786 Mataphra-

467 3808 614 3854 stam
662 3817 777 3854 non
817 3802 1084 3869 repperi;
1129 3807 1189 3853 at
1220 3801 1340 3869 cfr.
1383 3801 1479 3857 vit.
1524 3797 1683 3856 Phil.
1714 3817 1777 3868 p.
1814 3801 1920 3854 196
1962 3801 2035 3864 D,
2085 3792 2295 3873 λέγεται
2337 3792 2472 3858 δὲ...
2517 3797 2605 3852 τὸν
2648 3794 2930 3864 Ἰησοῦν...

470 3878 781 3958 ἐπιφανῆναι
823 3877 945 3936 κτλ.
979 3897 994 3947 ;
1040 3886 1136 3940 viu
1187 3882 1374 3951 Iynat.
1416 3900 1481 3955 p.
1517 3883 1656 3936 4285
1692 3883 1750 3947 C,
1787 3877 2124 3957 Τραϊανὸς...
2174 3877 2482 3943 ἀκούσας...
2533 3885 2700 3934 ταῦτα
2745 3878 2938 3935 ἐκεῖνον

472 3960 853 4025 ἀκούσαντα...
887 3959 1064 4039 δόγμα
1092 3968 1332 4019 τοιοῦτον
1361 3960 1584 4017 ἐκθεῖναι
1611 3958 1842 4039 λέγεται.
1881 3996 1961 4003 -
1987 3958 2016 3996 4
2046 3964 2145 4019 hoc
2166 3973 2394 4019 accentu
2424 3965 2540 4030 PQ.
2570 3995 2650 4004 —-
2680 3957 2707 3997 5
2730 3981 2838 4023 om.
2864 3965 2932 4031 Q,

472 4050 604 4107 add.
636 4052 698 4103 in
728 4066 913 4118 mary.
938 4066 994 4120 q.
1031 4079 1110 4090 —-
1141 4042 1168 4079 ⁶
1189 4065 1297 4106 om.
1331 4049 1399 4113 Q,
1434 4048 1569 4102 add.
1599 4063 1655 4118 q.
1689 4078 1768 4086 --
1793 4041 1819 4079 ⁷
1846 4050 2070 4124 χριστοῦ
2092 4048 2163 4103 R.
2194 4078 2275 4087 -—
2304 4042 2332 4080 ⁸
2360 4044 2577 4107 στάντος
2608 4047 2726 4113 PQ.

558 4308 634 4383 (1)
679 4310 795 4366 Cfr.
848 4311 947 4376 23,
1003 4312 1125 4379 19ς
1192 4311 1319 4379 29ς
1376 4310 1475 4375 25,
1528 4311 1614 4379 8,
1680 4310 1807 4376 28,
1873 4313 1972 4376 26,
2025 4311 2109 4378 43
2175 4311 2274 4375 27,
2331 4310 2453 4379 15;
2515 4314 2612 4368 vit.
2669 4312 2933 4368 Marcell.

472 4413 529 4466 p.
566 4394 685 4449 717
719 4393 761 4448 C
792 4387 896 4447 ε’ίτε
944 4411 1022 4454 τις
1069 4392 1201 4454 νεὼς
1250 4389 1431 4447 ἀνίστα
1480 4388 1514 4458 ἢ
1568 4392 1962 4470 φροντιστήρια.
1998 4425 2078 4435 -
2129 4391 2205 4467 (2)
2256 4394 2461 4447 Psalm.
2499 4393 2576 4448 76
2621 4391 2762 4468 (77),
2818 4394 2934 4460 17,

473 4479 574 4535 cfr.
598 4478 666 4530 de
700 4477 902 4531 Thecla
930 4494 987 4547 p.
1025 4476 1143 4531 824
1188 4478 1234 4530 D
1264 4475 1422 4530 οἱονεὶ
1471 4469 1623 4539 ξύλον
1673 4472 1806 4529 οὖσα
1856 4472 2245 4553 πεφυτευμένον
2294 4474 2442 4551 παρὰ
2489 4480 2600 4537 τοῖς
2651 4472 2940 4549 ψαλμικοῖς

474 4553 685 4625 ὕδασιν;
718 4563 816 4615 vit.
851 4558 1123 4629 Euthym.
1157 4577 1214 4630 p.
1245 4559 1365 4615 604
1388 4560 1439 4614 Α
1460 4558 1550 4613 τὸν
1572 4556 1764 4613 οἰκεῖον
1785 4558 1925 4612 κατὰ
1955 4558 2135 4635 καιρὸν
2164 4555 2447 4636 προφέρων
2470 4559 2676 4633 καρπὸν
2705 4557 2842 4612 κατὰ
2871 4558 2939 4611 τὰ

474 4637 842 4718 πεφυτευμένα
871 4635 1056 4718 δένδρα
1085 4641 1232 4718 παρὰ
1263 4646 1371 4703 τοῖς
1403 4637 1691 4715 ψαλμικοῖς
1722 4635 1892 4697 ὕδασι.
1928 4672 2009 4684 -
2039 4639 2113 4716 (3)
2146 4640 2262 4698 Cfr.
2300 4642 2399 4707 25,
2441 4642 2512 4697 18
2544 4659 2671 4696 cum
2699 4642 2884 4695 adnot.
2919 4659 2933 4708 ς

474 4728 572 4780 vit.
607 4724 888 4796 Euphro&
930 4742 987 4796 p.
1032 4724 1151 4780 312
1196 4726 1241 4778 D
1287 4724 1377 4779 καὶ
1418 4722 1544 4802 παρ’
1578 4721 1744 4780 αὐτοῦ
1787 4724 1925 4779 κατὰ
1971 4723 2059 4779 τὸν
2099 4723 2234 4779 θεῖον
2284 4722 2440 4802 φάναι
2483 4718 2651 4798 Δαβὶδ
2688 4721 2940 4799 ἡμερινὴν

473 4802 815 4864 διεπλάττετο
844 4801 1056 4864 πλάσιν.
