3650 5684
708 444 877 497 XLIV
1569 442 1573 447 ’
1740 434 1976 496 CAPVT
2022 441 2146 495 vm

705 617 859 683 inde
888 637 930 683 a
965 618 1061 695 15,
1090 616 1134 680 4
1161 616 1319 680 item
1347 634 1424 680 ac
1453 614 1510 679 D
1538 613 1709 679 inter
1751 616 1795 673 Σ
1825 618 1891 680 et
1920 615 1966 674 Δ
1997 615 2344 697 ambiguus
2371 615 2617 692 haeret,
2648 614 2767 679 sed
2795 615 3183 700 plerumque

711 716 798 782 ad
827 718 871 783 Σ
901 737 973 793 se
1002 715 1305 799 applicat.

788 815 913 880 Vbi
932 816 1053 881 AO
1077 818 1197 880 aut
1215 833 1365 879 cum
1387 813 1440 878 P
1467 817 1582 879 aut
1608 833 1760 879 cum
1781 813 2041 893 WUQC
2071 812 2421 879 concinunt
2450 833 2598 878 eam
2620 814 3008 898 plerumque
3032 834 3177 880 esse

706 932 935 978 ueram
955 913 1302 981 lectionem
1324 914 1617 994 apparet.
1639 930 1797 976 nam
1827 930 1958 975 non
1979 911 2174 975 nimis
2206 929 2405 993 saepe
2434 910 2679 976 factum
2710 915 2814 976 est
2835 916 2906 976 ut
2939 911 3144 976 utrius

710 1031 842 1096 que
869 1012 1114 1077 ordinis
1141 1011 1374 1093 singuli
1404 1010 1659 1076 codices
1704 1011 1772 1075 in
1802 1010 2083 1076 eandem
2110 1010 2679 1093 interpolationem
2707 1010 3088 1091 inciderent,
3108 1016 3185 1076 ut

709 1111 770 1191 6,
817 1111 858 1176 2
901 1108 1195 1190 ἐξήνεγκεν]
1227 1109 1462 1179 ἦξεὸύιτο
1496 1108 1681 1187 ACU3
1712 1109 1771 1188 7,
1808 1108 1924 1188 143
1975 1110 2067 1186 10,
2100 1109 2138 1174 7
2188 1110 2390 1191 ἕτερος]
2421 1110 2583 1176 ἄλλος
2608 1111 2653 1169 Σ
2685 1110 2764 1188 A,
2796 1113 2913 1174 aut
2949 1110 3185 1188 eadem

710 1209 1077 1292 corruptela
1098 1212 1173 1281 ut
1194 1207 1628 1275 afficerentur.
1659 1207 2059 1291 perdifficilis
2080 1211 2299 1273 autem
2326 1207 2710 1290 disceptatio
2733 1212 2834 1272 est
2855 1208 3024 1273 inter
3047 1210 3090 1268 Γ
3122 1210 3189 1272 et

641 1306 646 1313 '
713 1309 760 1368 Δ
778 1309 860 1374 iis
884 1308 1270 1392 praesertim
1293 1307 1450 1374 locis
1480 1308 1593 1373 ubi
1623 1311 1737 1373 aut
1765 1327 1997 1373 omnes
2029 1307 2421 1373 dissentiunt
2448 1307 2628 1372 uelut
2662 1307 2757 1386 13,
2787 1308 2825 1373 7
2870 1310 2985 1373 aut
3032 1326 3190 1373 con-

713 1408 1001 1474 sentiunt
1022 1408 1159 1473 bini
1180 1411 1295 1474 aut
1319 1407 1536 1490 plures
1557 1406 1901 1490 utriusque
1925 1405 2169 1472 ordinis
2191 1406 2449 1471 codices
2472 1407 2654 1471 uelut
2685 1407 2877 1483 13,19
2896 1413 2987 1466 καὶ
3001 1406 3189 1485 PQC,

714 1510 837 1568 τότε
863 1506 1015 1571 WA.
1044 1509 1277 1589 quater
1319 1509 1534 1571 totum
1573 1505 1813 1570 librum
1842 1505 2239 1587 pertractaui
2284 1508 2349 1569 et
2379 1505 2739 1587 permultos
2786 1505 2961 1569 locos
3004 1503 3194 1569 aliter

714 1609 916 1690 atque
928 1606 1113 1671 aliter
1122 1605 1427 1672 constitui
1443 1623 1597 1670 cum
1611 1604 1823 1687 primo
1833 1604 1886 1669 P
1897 1604 2280 1687 primarium
2295 1605 2528 1670 ducem
2545 1605 2954 1686 sequendum
2970 1606 3193 1687 putas·

714 1725 876 1783 sem,
901 1705 1054 1770 dein
1074 1704 1135 1770 A
1157 1705 1238 1790 (V
1260 1705 1553 1771 nondum
1584 1710 1983 1786 cognoram),
1997 1706 2139 1768 tum
2160 1704 2330 1769 inter
2358 1705 2403 1763 Γ
2432 1706 2498 1768 et
2525 1704 2570 1762 Δ
2592 1723 2874 1787 aequam
2896 1704 3032 1768 fere
3054 1701 3193 1767 lan-

715 1824 859 1871 cem
887 1805 1244 1871 tenendam
1273 1823 1419 1869 esse
1461 1803 1620 1869 mihi
1640 1802 2135 1886 persuasissern,
2163 1802 2257 1867 ita
2283 1806 2508 1868 tamen
2536 1806 2613 1867 ut
2638 1803 2694 1867 si
2716 1821 2984 1885 prorsus
3011 1801 3194 1867 nulia

715 1923 916 1970 causa
938 1907 1113 1969 esset
1139 1904 1226 1968 ad
1255 1902 1643 1969 alterutrum
1685 1901 2041 1968 inclinandi
2070 1903 2114 1962 Γ
2141 1906 2218 1966 ut
2261 1901 2477 1966 minus
2507 1902 2974 1986 interpolatum
3008 1903 3197 1972 ante·-

715 2021 1048 2088 ponerem,
1073 2007 1406 2086 postremo
1427 2001 1630 2086 ipsius
1652 2003 1699 2062 Γ
1722 2001 2122 2084 scripturam.
2142 2000 2559 2084 integriorem
2581 2021 2782 2084 quam
2807 2002 2853 2061 Δ
2879 2001 2999 2067 sed
3025 2000 3194 2065 indi-

715 2103 1013 2186 ligentius
1041 2105 1474 2186 propagatam
1495 2121 1642 2166 esse
1668 2120 2072 2183 cognossem.
2098 2104 2366 2183 quaeret
2395 2100 2628 2184 aliquis
2656 2101 2933 2165 fueritne
2954 2119 3196 2183 operae

722 2202 1002 2286 pretium
1036 2204 1103 2267 in
1144 2202 1313 2268 libro
1354 2221 1475 2267 nec
1517 2202 1716 2267 rebus
1754 2190 1878 2267 nec
1920 2200 2139 2266 uerbis
2182 2201 2746 2284 praestantissimo
2774 2204 2915 2266 tam
2958 2199 3198 2265 multos

726 2303 983 2368 codices
1027 2305 1330 2367 excutere
1370 2305 1435 2366 et
1475 2306 1614 2366 tam
1660 2300 2001 2383 diligenter
2052 2300 2306 2383 singula
2345 2301 2553 2367 uerba
2580 2299 2943 2384 exquirere.
2988 2299 3198 2364 fateor

724 2402 1017 2484 potuisse
1046 2422 1186 2467 rem
1216 2402 1533 2467 intactam
1560 2400 1859 2483 relinqui,
1889 2418 2298 2483 quamquam
2320 2400 2413 2465 eis
2442 2420 2614 2483 quae
2642 2419 2845 2483 supra
2866 2397 3197 2483 disputaui

722 2502 1016 2567 effecisse
1058 2500 1216 2565 mihi
1240 2500 1475 2565 uideor
1503 2519 1646 2565 esse
1688 2500 1977 2582 aliquam
2007 2499 2153 2564 libri
2180 2499 2547 2565 utilitatem.
2577 2503 2929 2582 postquam
2974 2502 3198 2563 autem

727 2601 867 2667 eius
897 2601 1132 2666 edendi
1173 2619 1413 2665 munus
1454 2599 1732 2682 suscepi,
1763 2599 1957 2664 debui
2005 2619 2082 2663 eo
2110 2599 2361 2664 maiore
2388 2618 2536 2664 cum
2568 2618 2725 2664 cura
2761 2602 2828 2663 et
2871 2597 3088 2672 studio
3117 2616 3200 2661 eo

725 2699 1024 2783 perfungi
1053 2699 1232 2782 quod
1255 2698 1576 2764 eiusmodi
1597 2698 1745 2762 libri
1773 2698 2085 2781 quoniam
2128 2698 2331 2763 semel
2379 2698 2661 2763 eduntur
2688 2697 2997 2763 secundis
3027 2695 3200 2762 curis

727 2817 949 2863 carere
999 2798 1230 2862 solent.
1279 2797 1334 2862 si
1383 2797 1721 2880 Sophoclis
1773 2797 2063 2862 fabulam
2108 2800 2223 2862 aut
2271 2797 2577 2880 Sapphus
2625 2798 2891 2880 aliquod
2936 2814 3201 2862 carmen

727 2897 1553 2975 inuenissem,sescentiens
1577 2915 1655 2960 ea
1686 2896 1857 2961 intra
1886 2914 2132 2978 paucos
2159 2915 2371 2961 annos
2399 2900 2870 2980 repeterentur,
2894 2895 3205 2961 emenda-

726 3000 955 3062 rentur
1008 3015 1465 3080 quaecumque
1521 3014 1640 3078 ego
1702 2995 2151 3077 neglexissem.
2200 2996 2366 3061 haec
2421 2996 2709 3060 narratio
2771 2995 3033 3079 qualem
3083 3014 3205 3076 ego

729 3095 972 3162 dedero
1017 3085 1213 3161 talem
1260 3095 1476 3177 legent
1524 3094 1919 3178 quicumque
1962 3113 2283 3177 umquam
2326 3114 2474 3159 eam
2525 3114 2915 3178 cognoscere
2958 3093 3205 3160 uolent.

733 3199 1076 3278 praeterea
1097 3195 1270 3259 hunc
1298 3194 1539 3259 librum
1571 3193 1758 3277 quasi
1790 3193 2129 3277 quoddam
2172 3195 2504 3278 specimen
2551 3215 2694 3260 esse
2723 3194 2899 3259 uolui
2928 3193 3203 3259 aliorum

731 3295 1042 3360 similium
1070 3295 1191 3359 sed
1231 3295 1450 3358 minus
1500 3292 1801 3358 breuium
1847 3312 2013 3376 quos
2058 3293 2364 3376 deinceps
2404 3294 2617 3359 edam.
2660 3294 2727 3359 in
2766 3294 3002 3376 quibus
3053 3311 3204 3358 cum

732 3394 1006 3459 dilectus
1033 3393 1118 3458 sit
1160 3412 1373 3476 aeque
1417 3392 1702 3457 lubricus
1745 3393 2102 3458 uerborum
2129 3411 2266 3457 non
2295 3396 2432 3457 tam
2469 3394 2667 3458 uariis
2698 3412 2898 3476 quam
2928 3391 3205 3457 diuersis

733 3493 1047 3575 exemplis
1075 3491 1489 3570 traditorum,
1516 3511 1638 3557 nec
1667 3491 1876 3573 possit
1904 3490 2030 3556 nisi
2073 3491 2514 3557 uoluminibus
2557 3491 2750 3557 nimis
2778 3490 3044 3556 tumidis
3068 3495 3206 3557 tam

734 3592 929 3674 plena
991 3591 1308 3656 librorum
1359 3609 1563 3656 manu
1611 3590 2004 3674 scriptorum
2071 3590 2388 3656 memoria
2454 3591 2762 3669 exhiberi,
2816 3590 2977 3654 mihi
3016 3590 3207 3655 ‘fides

737 3691 857 3755 erit
878 3690 1205 3755 habenda.
1235 3709 1369 3773 qua
1397 3709 1597 3773 quam
1628 3689 1862 3772 dignus
1892 3690 2016 3755 sim
2044 3689 2150 3755 hic
2173 3689 2287 3755 ubi
2330 3690 2586 3756 adferre
2616 3689 3011 3754 documenta
3030 3689 3208 3754 locu-

736 3786 934 3870 pletia
962 3788 1145 3871 potui
1177 3807 1371 3854 suum
1387 3788 1632 3871 ‘cuique
1661 3787 1973 3853 iudicium
1996 3788 2138 3854 erit.

818 3888 1089 3952 Praeter
1123 3907 1234 3952 eos
1262 3887 1462 3953 libros
1493 3887 1728 3971 quibus
1758 3906 1877 3970 ego
1905 3903 2065 3953 usus
2093 3906 2245 3953 sum
2271 3889 2392 3952 hos
2420 3888 2676 3952 Romae
2695 3888 2764 3952 in
2793 3887 3210 3973 bybliotheca
3233 3926 3238 3931 <

740 3986 1055 4052 Vaticana
1084 3991 1345 4051 exstare
1373 3986 1454 4051 R.
1485 3986 1561 4052 D.
1592 3987 1855 4052 Batiffol
1886 4006 2146 4053 summa
2188 4007 2338 4054 cum
2381 3986 2787 4052 humanitate
2830 4007 2936 4052 me
2980 3985 3211 4051 certio-

740 4104 880 4151 rem
902 4085 1088 4150 fecit:
1110 4105 1201 4168 gr.
1223 4086 1347 4150 803
1370 4105 1539 4152 saec.
1552 4085 1643 4152 XI
1666 4086 1706 4151 f.
1736 4087 1818 4152 22
1848 4111 1864 4165 ;
1893 4086 2019 4152 866
2041 4106 2208 4153 saec.
2223 4086 2313 4153 XI
2337 4088 2377 4152 f.
2402 4087 2513 4164 59;
2543 4087 2700 4151 1986
2723 4106 2892 4152 saec.
2914 4085 3033 4151 XII
3055 4085 3212 4151 fise.

742 4204 907 4269 quos
948 4204 1097 4250 cum
1154 4204 1237 4250 ex
1288 4187 1382 4251 eis
1425 4206 1596 4270 quae
1638 4186 1898 4252 Batiffol
1947 4207 2205 4253 mecum
2259 4187 2858 4252 communicauerat
2903 4186 3212 4251 uidissem

741 4303 970 4350 omnes
1013 4303 1162 4350 cum
1192 4285 1238 4344 Δ
1265 4290 1411 4352 arto
1452 4287 1857 4369 cognationis
1884 4286 2145 4352 uinculo
2175 4286 2554 4351 coniunctos
2595 4305 2756 4364 esse,
2798 4285 2981 4351 cuius
3008 4285 3214 4350 habe-

744 4384 901 4449 bam
913 4382 1088 4450 VAO
1111 4385 1411 4471 exempla
1431 4385 1699 4453 minime
1722 4386 2219 4464 contemnenda,
2235 4389 2407 4451 totos
2428 4390 2833 4468 pertractare
2854 4385 3215 4468 supersedi.

745 4483 868 4549 hoc
910 4483 1102 4563 addc,
1131 4504 1279 4550 cum
1324 4505 1404 4550 ex
1432 4485 1730 4551 codicum
1758 4484 1910 4549 hinc
1939 4484 2392 4550 Romanorum
2438 4485 2752 4563 omnium,
2777 4484 2950 4548 illinc
2978 4482 3219 4548 Parisi-

744 4602 1012 4650 acorum
1037 4587 1101 4649 et
1123 4583 1728 4651 vindobonensium
1756 4601 2084 4650 consensu
2111 4603 2260 4648 meo
2287 4579 2429 4649 ‘iure
2446 4584 2606 4649 mihi
2630 4584 2809 4650 uisus
2836 4602 3051 4649 essem
3076 4582 3219 4647 effi·

744 4701 890 4749 cere
915 4681 1254 4750 Romanos
1276 4685 1424 4751 -illos
1454 4704 1683 4751 omnes
1712 4683 1947 4749 iisdem
1974 4680 2131 4748 locis
2175 4682 2484 4748 oriundos
2508 4702 2655 4748 esse
2685 4683 2861 4748 unde
2888 4685 3218 4747 nostrates

744 4782 956 4850 nullos
997 4803 1215 4851 emere
1258 4789 1701 4864 consuessent,
1747 4783 1944 4869 plane
1973 4783 2041 4849 id
2080 4802 2121 4849 a
2165 4782 2490 4849 Batiffolio
2543 4803 2624 4849 ex
2653 4782 2812 4866 ipsis
2854 4782 3219 4847 litterarum
