<?xml version="1.0" encoding="UTF-8"?>
<!DOCTYPE html PUBLIC "-//W3C//DTD XHTML 1.0 Transitional//EN"
    "http://www.w3.org/TR/xhtml1/DTD/xhtml1-transitional.dtd">
<html xmlns="http://www.w3.org/1999/xhtml" xml:lang="en" lang="en">
 <head>
  <title>
</title>
<meta http-equiv="Content-Type" content="text/html;charset=utf-8" />
  <meta name='ocr-system' content='tesseract 3.04.00' />
  <meta name='ocr-capabilities' content='ocr_page ocr_carea ocr_par ocr_line ocrx_word'/>
</head>
<body>
  <div class='ocr_page' id='page_1' title='image "./narratiodemirac00symegoog/narratiodemirac00symegoog_0021.png"; bbox 0 0 3650 5684; ppageno 0'>
   <div class='ocr_carea' id='block_1_1' title="bbox 896 470 2904 555">
    <p class='ocr_par' dir='ltr' id='par_1_1' title="bbox 896 470 2904 555">
     <span class='ocr_line' id='line_1_1' title="bbox 896 470 2904 555; baseline 0 -13"><span class='ocrx_word' id='word_1_1' title='bbox 896 489 983 542; x_wconf 86' lang='lat' dir='ltr'>DE</span> <span class='ocrx_word' id='word_1_2' title='bbox 1035 491 1361 555; x_wconf 85' lang='lat' dir='ltr'>RELIQVIS</span> <span class='ocrx_word' id='word_1_3' title='bbox 1412 492 1641 544; x_wconf 87' lang='lat' dir='ltr'>LIBRIS</span> <span class='ocrx_word' id='word_1_4' title='bbox 1691 490 1992 544; x_wconf 81' lang='lat' dir='ltr'>ErVSDEM</span> <span class='ocrx_word' id='word_1_5' title='bbox 2042 490 2452 543; x_wconf 82' lang='lat' dir='ltr'>ARGVMENTI</span> <span class='ocrx_word' id='word_1_6' title='bbox 2748 470 2753 477; x_wconf 38' lang='lat'>⁵</span> <span class='ocrx_word' id='word_1_7' title='bbox 2828 489 2904 542; x_wconf 88' lang='lat' dir='ltr'>XI</span> 
     </span>
    </p>
   </div>
   <div class='ocr_carea' id='block_1_2' title="bbox 358 672 2969 4141">
    <p class='ocr_par' dir='ltr' id='par_1_2' title="bbox 358 672 2969 4141">
     <span class='ocr_line' id='line_1_2' title="bbox 509 672 2905 763; baseline 0 -21"><span class='ocrx_word' id='word_1_8' title='bbox 509 677 805 743; x_wconf 85' lang='lat' dir='ltr'>Alterum</span> <span class='ocrx_word' id='word_1_9' title='bbox 828 678 1066 744; x_wconf 90' lang='lat' dir='ltr'>librum</span> <span class='ocrx_word' id='word_1_10' title='bbox 1089 679 1259 744; x_wconf 91' lang='lat' dir='ltr'>inter</span> <span class='ocrx_word' id='word_1_11' title='bbox 1273 672 1614 763; x_wconf 84' lang='lat' dir='ltr'>Symeonis</span> <span class='ocrx_word' id='word_1_12' title='bbox 1635 679 2120 761; x_wconf 87' lang='lat' dir='ltr'>Metaphrastae</span> <span class='ocrx_word' id='word_1_13' title='bbox 2143 679 2387 762; x_wconf 85' lang='lat' dir='ltr'>scripta</span> <span class='ocrx_word' id='word_1_14' title='bbox 2408 681 2587 744; x_wconf 90' lang='lat' dir='ltr'>certa</span> <span class='ocrx_word' id='word_1_15' title='bbox 2607 681 2905 743; x_wconf 78' lang='lat' dir='ltr'>recenset</span> 
     </span>
     <span class='ocr_line' id='line_1_3' title="bbox 408 776 2897 861; baseline 0 -21"><span class='ocrx_word' id='word_1_16' title='bbox 408 776 555 841; x_wconf 86' lang='lat' dir='ltr'>Leo</span> <span class='ocrx_word' id='word_1_17' title='bbox 583 777 864 842; x_wconf 86' lang='lat' dir='ltr'>Allatius</span> <span class='ocrx_word' id='word_1_18' title='bbox 899 778 920 815; x_wconf 92' lang='lat'>¹</span> <span class='ocrx_word' id='word_1_19' title='bbox 948 797 1070 842; x_wconf 90' lang='lat' dir='ltr'>nec</span> <span class='ocrx_word' id='word_1_20' title='bbox 1112 781 1336 843; x_wconf 87' lang='lat' dir='ltr'>tamen</span> <span class='ocrx_word' id='word_1_21' title='bbox 1358 779 1569 860; x_wconf 89' lang='lat' dir='ltr'>Migne</span> <span class='ocrx_word' id='word_1_22' title='bbox 1612 779 1782 843; x_wconf 88' lang='lat' dir='ltr'>inter</span> <span class='ocrx_word' id='word_1_23' title='bbox 1827 779 1964 843; x_wconf 89' lang='lat' dir='ltr'>eius</span> <span class='ocrx_word' id='word_1_24' title='bbox 2008 798 2209 861; x_wconf 89' lang='lat' dir='ltr'>opera</span> <span class='ocrx_word' id='word_1_25' title='bbox 2253 779 2455 843; x_wconf 85' lang='lat' dir='ltr'>edidit</span> <span class='ocrx_word' id='word_1_26' title='bbox 2489 778 2533 856; x_wconf 76' lang='lat'>²,</span> <span class='ocrx_word' id='word_1_27' title='bbox 2580 776 2897 859; x_wconf 86' lang='lat' dir='ltr'>descripsi</span> 
     </span>
     <span class='ocr_line' id='line_1_4' title="bbox 426 876 2905 961; baseline 0.001 -22"><span class='ocrx_word' id='word_1_28' title='bbox 426 876 569 958; x_wconf 93' lang='lat' dir='ltr'>ipse</span> <span class='ocrx_word' id='word_1_29' title='bbox 612 876 781 942; x_wconf 88' lang='lat' dir='ltr'>infra</span> <span class='ocrx_word' id='word_1_30' title='bbox 801 877 830 915; x_wconf 79' lang='lat'>³</span> <span class='ocrx_word' id='word_1_31' title='bbox 856 896 991 941; x_wconf 91' lang='lat' dir='ltr'>non</span> <span class='ocrx_word' id='word_1_32' title='bbox 1041 897 1170 960; x_wconf 89' lang='lat' dir='ltr'>quo</span> <span class='ocrx_word' id='word_1_33' title='bbox 1202 878 1523 942; x_wconf 87' lang='lat' dir='ltr'>iacturam</span> <span class='ocrx_word' id='word_1_34' title='bbox 1564 878 1705 942; x_wconf 89' lang='lat' dir='ltr'>fieri</span> <span class='ocrx_word' id='word_1_35' title='bbox 1741 898 1877 943; x_wconf 92' lang='lat' dir='ltr'>non</span> <span class='ocrx_word' id='word_1_36' title='bbox 1928 879 2267 943; x_wconf 89' lang='lat' dir='ltr'>ferendam</span> <span class='ocrx_word' id='word_1_37' title='bbox 2297 881 2599 959; x_wconf 89' lang='lat' dir='ltr'>putarem</span> <span class='ocrx_word' id='word_1_38' title='bbox 2628 879 2682 942; x_wconf 88' lang='lat' dir='ltr'>si</span> <span class='ocrx_word' id='word_1_39' title='bbox 2728 878 2905 961; x_wconf 89' lang='lat' dir='ltr'>quod</span> 
     </span>
     <span class='ocr_line' id='line_1_5' title="bbox 425 975 2904 1057; baseline 0.001 -17"><span class='ocrx_word' id='word_1_40' title='bbox 425 975 606 1040; x_wconf 90' lang='lat' dir='ltr'>haud</span> <span class='ocrx_word' id='word_1_41' title='bbox 635 976 931 1057; x_wconf 89' lang='lat' dir='ltr'>ignobilis</span> <span class='ocrx_word' id='word_1_42' title='bbox 962 976 1128 1041; x_wconf 89' lang='lat' dir='ltr'>illius</span> <span class='ocrx_word' id='word_1_43' title='bbox 1158 996 1280 1041; x_wconf 90' lang='lat' dir='ltr'>nec</span> <span class='ocrx_word' id='word_1_44' title='bbox 1307 976 1524 1041; x_wconf 84' lang='lat' dir='ltr'>insciti</span> <span class='ocrx_word' id='word_1_45' title='bbox 1563 978 1679 1042; x_wconf 90' lang='lat' dir='ltr'>sed</span> <span class='ocrx_word' id='word_1_46' title='bbox 1709 977 2022 1042; x_wconf 90' lang='lat' dir='ltr'>leuissimi</span> <span class='ocrx_word' id='word_1_47' title='bbox 2051 980 2114 1041; x_wconf 89' lang='lat' dir='ltr'>et</span> <span class='ocrx_word' id='word_1_48' title='bbox 2147 977 2523 1042; x_wconf 87' lang='lat' dir='ltr'>futtilissimi</span> <span class='ocrx_word' id='word_1_49' title='bbox 2551 977 2904 1042; x_wconf 88' lang='lat' dir='ltr'>uerborum</span> 
     </span>
     <span class='ocr_line' id='line_1_6' title="bbox 428 1073 2905 1160; baseline 0.002 -24"><span class='ocrx_word' id='word_1_50' title='bbox 428 1073 677 1156; x_wconf 89' lang='lat' dir='ltr'>opificis</span> <span class='ocrx_word' id='word_1_51' title='bbox 701 1075 1018 1157; x_wconf 87' lang='lat' dir='ltr'>scriptum</span> <span class='ocrx_word' id='word_1_52' title='bbox 1042 1076 1110 1139; x_wconf 91' lang='lat' dir='ltr'>in</span> <span class='ocrx_word' id='word_1_53' title='bbox 1132 1076 1419 1141; x_wconf 87' lang='lat' dir='ltr'>tenebris</span> <span class='ocrx_word' id='word_1_54' title='bbox 1444 1078 1703 1154; x_wconf 90' lang='lat' dir='ltr'>iaceret,</span> <span class='ocrx_word' id='word_1_55' title='bbox 1727 1077 1846 1142; x_wconf 91' lang='lat' dir='ltr'>sed</span> <span class='ocrx_word' id='word_1_56' title='bbox 1869 1097 1999 1158; x_wconf 91' lang='lat' dir='ltr'>quo</span> <span class='ocrx_word' id='word_1_57' title='bbox 2025 1077 2273 1141; x_wconf 80' lang='lat' dir='ltr'>facilius</span> <span class='ocrx_word' id='word_1_58' title='bbox 2300 1096 2382 1142; x_wconf 91' lang='lat' dir='ltr'>ea</span> <span class='ocrx_word' id='word_1_59' title='bbox 2402 1097 2572 1160; x_wconf 90' lang='lat' dir='ltr'>quae</span> <span class='ocrx_word' id='word_1_60' title='bbox 2595 1077 2675 1140; x_wconf 91' lang='lat' dir='ltr'>de</span> <span class='ocrx_word' id='word_1_61' title='bbox 2697 1074 2905 1141; x_wconf 87' lang='lat' dir='ltr'>tribus</span> 
     </span>
     <span class='ocr_line' id='line_1_7' title="bbox 429 1172 2906 1257; baseline 0.001 -21"><span class='ocrx_word' id='word_1_62' title='bbox 429 1172 725 1237; x_wconf 89' lang='lat' dir='ltr'>eiusdem</span> <span class='ocrx_word' id='word_1_63' title='bbox 758 1175 1126 1256; x_wconf 91' lang='lat' dir='ltr'>argumenti</span> <span class='ocrx_word' id='word_1_64' title='bbox 1154 1175 1384 1239; x_wconf 90' lang='lat' dir='ltr'>libellis</span> <span class='ocrx_word' id='word_1_65' title='bbox 1407 1176 1639 1241; x_wconf 91' lang='lat' dir='ltr'>dicturi</span> <span class='ocrx_word' id='word_1_66' title='bbox 1663 1197 1887 1241; x_wconf 83' lang='lat' dir='ltr'>sumus</span> <span class='ocrx_word' id='word_1_67' title='bbox 1913 1176 2454 1257; x_wconf 83' lang='lat' dir='ltr'>intellegerentur.</span> <span class='ocrx_word' id='word_1_68' title='bbox 2476 1176 2644 1240; x_wconf 91' lang='lat' dir='ltr'>inter</span> <span class='ocrx_word' id='word_1_69' title='bbox 2664 1175 2906 1239; x_wconf 90' lang='lat' dir='ltr'>multos</span> 
     </span>
     <span class='ocr_line' id='line_1_8' title="bbox 428 1273 2969 1357; baseline 0.001 -22"><span class='ocrx_word' id='word_1_70' title='bbox 428 1273 571 1336; x_wconf 90' lang='lat' dir='ltr'>illos</span> <span class='ocrx_word' id='word_1_71' title='bbox 604 1273 799 1337; x_wconf 89' lang='lat' dir='ltr'>libros</span> <span class='ocrx_word' id='word_1_72' title='bbox 832 1274 944 1356; x_wconf 92' lang='lat' dir='ltr'>qui</span> <span class='ocrx_word' id='word_1_73' title='bbox 973 1275 1315 1357; x_wconf 83' lang='lat' dir='ltr'>Symeonis</span> <span class='ocrx_word' id='word_1_74' title='bbox 1358 1276 1621 1341; x_wconf 87' lang='lat' dir='ltr'>nomine</span> <span class='ocrx_word' id='word_1_75' title='bbox 1665 1275 1960 1340; x_wconf 86' lang='lat' dir='ltr'>feruntur</span> <span class='ocrx_word' id='word_1_76' title='bbox 1990 1275 2248 1340; x_wconf 83' lang='lat' dir='ltr'>difficile</span> <span class='ocrx_word' id='word_1_77' title='bbox 2279 1279 2378 1338; x_wconf 90' lang='lat' dir='ltr'>est</span> <span class='ocrx_word' id='word_1_78' title='bbox 2424 1276 2763 1357; x_wconf 86' lang='lat' dir='ltr'>explorare</span> <span class='ocrx_word' id='word_1_79' title='bbox 2794 1274 2904 1356; x_wconf 90' lang='lat' dir='ltr'>qui</span> <span class='ocrx_word' id='word_1_80' title='bbox 2963 1279 2969 1287; x_wconf 88' lang='lat'>&#39;</span> 
     </span>
     <span class='ocr_line' id='line_1_9' title="bbox 429 1370 2907 1456; baseline 0.001 -22"><span class='ocrx_word' id='word_1_81' title='bbox 429 1370 558 1434; x_wconf 90' lang='lat' dir='ltr'>sint</span> <span class='ocrx_word' id='word_1_82' title='bbox 607 1390 679 1436; x_wconf 91' lang='lat' dir='ltr'>re</span> <span class='ocrx_word' id='word_1_83' title='bbox 723 1392 882 1436; x_wconf 85' lang='lat' dir='ltr'>uera</span> <span class='ocrx_word' id='word_1_84' title='bbox 911 1374 996 1436; x_wconf 89' lang='lat' dir='ltr'>ab</span> <span class='ocrx_word' id='word_1_85' title='bbox 1027 1373 1169 1455; x_wconf 91' lang='lat' dir='ltr'>ipso</span> <span class='ocrx_word' id='word_1_86' title='bbox 1217 1375 1509 1455; x_wconf 83' lang='lat' dir='ltr'>profecti,</span> <span class='ocrx_word' id='word_1_87' title='bbox 1562 1375 1672 1456; x_wconf 89' lang='lat' dir='ltr'>qui</span> <span class='ocrx_word' id='word_1_88' title='bbox 1704 1375 1868 1439; x_wconf 86' lang='lat' dir='ltr'>falso</span> <span class='ocrx_word' id='word_1_89' title='bbox 1914 1374 1972 1438; x_wconf 92' lang='lat' dir='ltr'>ei</span> <span class='ocrx_word' id='word_1_90' title='bbox 2022 1375 2395 1439; x_wconf 78' lang='lat' dir='ltr'>tribuantur</span> <span class='ocrx_word' id='word_1_91' title='bbox 2423 1374 2469 1451; x_wconf 76' lang='lat'>⁴,</span> <span class='ocrx_word' id='word_1_92' title='bbox 2498 1374 2810 1456; x_wconf 80' lang='lat' dir='ltr'>&#39;quoniam</span> <span class='ocrx_word' id='word_1_93' title='bbox 2841 1375 2907 1437; x_wconf 90' lang='lat' dir='ltr'>et</span> 
     </span>
     <span class='ocr_line' id='line_1_10' title="bbox 427 1472 2904 1555; baseline 0 -22"><span class='ocrx_word' id='word_1_94' title='bbox 427 1473 754 1536; x_wconf 88' lang='lat' dir='ltr'>nescimus</span> <span class='ocrx_word' id='word_1_95' title='bbox 799 1474 1022 1536; x_wconf 84' lang='lat' dir='ltr'>utrum</span> <span class='ocrx_word' id='word_1_96' title='bbox 1052 1472 1292 1555; x_wconf 82' lang='lat' dir='ltr'>Symeo</span> <span class='ocrx_word' id='word_1_97' title='bbox 1336 1473 1512 1537; x_wconf 88' lang='lat' dir='ltr'>solus</span> <span class='ocrx_word' id='word_1_98' title='bbox 1556 1493 1642 1537; x_wconf 87' lang='lat' dir='ltr'>an</span> <span class='ocrx_word' id='word_1_99' title='bbox 1683 1475 1768 1538; x_wconf 89' lang='lat' dir='ltr'>ab</span> <span class='ocrx_word' id='word_1_100' title='bbox 1812 1474 1953 1537; x_wconf 89' lang='lat' dir='ltr'>aliis</span> <span class='ocrx_word' id='word_1_101' title='bbox 2000 1474 2264 1537; x_wconf 87' lang='lat' dir='ltr'>adiutus</span> <span class='ocrx_word' id='word_1_102' title='bbox 2315 1493 2479 1555; x_wconf 90' lang='lat' dir='ltr'>opus</span> <span class='ocrx_word' id='word_1_103' title='bbox 2530 1493 2725 1537; x_wconf 90' lang='lat' dir='ltr'>suum</span> <span class='ocrx_word' id='word_1_104' title='bbox 2754 1491 2904 1554; x_wconf 90' lang='lat' dir='ltr'>per-</span> 
     </span>
     <span class='ocr_line' id='line_1_11' title="bbox 430 1571 2904 1655; baseline 0 -22"><span class='ocrx_word' id='word_1_105' title='bbox 430 1571 671 1648; x_wconf 82' lang='lat' dir='ltr'>fecerit,</span> <span class='ocrx_word' id='word_1_106' title='bbox 723 1574 943 1634; x_wconf 89' lang='lat' dir='ltr'>utrum</span> <span class='ocrx_word' id='word_1_107' title='bbox 995 1590 1223 1635; x_wconf 88' lang='lat' dir='ltr'>omnes</span> <span class='ocrx_word' id='word_1_108' title='bbox 1285 1573 1455 1637; x_wconf 90' lang='lat' dir='ltr'>uitas</span> <span class='ocrx_word' id='word_1_109' title='bbox 1504 1573 1737 1637; x_wconf 89' lang='lat' dir='ltr'>eodem</span> <span class='ocrx_word' id='word_1_110' title='bbox 1793 1573 1993 1636; x_wconf 90' lang='lat' dir='ltr'>modo</span> <span class='ocrx_word' id='word_1_111' title='bbox 2049 1572 2547 1655; x_wconf 81' lang='lat' dir='ltr'>pertractauerit</span> <span class='ocrx_word' id='word_1_112' title='bbox 2604 1591 2689 1635; x_wconf 88' lang='lat' dir='ltr'>an</span> <span class='ocrx_word' id='word_1_113' title='bbox 2746 1571 2904 1636; x_wconf 88' lang='lat' dir='ltr'>alias</span> 
     </span>
     <span class='ocr_line' id='line_1_12' title="bbox 428 1664 2903 1753; baseline 0 -21"><span class='ocrx_word' id='word_1_114' title='bbox 428 1669 689 1750; x_wconf 88' lang='lat' dir='ltr'>penitus</span> <span class='ocrx_word' id='word_1_115' title='bbox 732 1669 1086 1747; x_wconf 81' lang='lat' dir='ltr'>refluxerit,</span> <span class='ocrx_word' id='word_1_116' title='bbox 1132 1670 1293 1736; x_wconf 89' lang='lat' dir='ltr'>alias</span> <span class='ocrx_word' id='word_1_117' title='bbox 1337 1671 1607 1753; x_wconf 87' lang='lat' dir='ltr'>paulum</span> <span class='ocrx_word' id='word_1_118' title='bbox 1652 1671 2114 1749; x_wconf 79' lang='lat' dir='ltr'>immutauerit,</span> <span class='ocrx_word' id='word_1_119' title='bbox 2169 1671 2331 1735; x_wconf 87' lang='lat' dir='ltr'>alias</span> <span class='ocrx_word' id='word_1_120' title='bbox 2372 1690 2583 1752; x_wconf 87' lang='lat' dir='ltr'>paene</span> <span class='ocrx_word' id='word_1_121' title='bbox 2624 1664 2903 1734; x_wconf 84' lang='lat' dir='ltr'>intactas</span> 
     </span>
     <span class='ocr_line' id='line_1_13' title="bbox 426 1767 2903 1851; baseline 0.001 -21"><span class='ocrx_word' id='word_1_122' title='bbox 426 1767 775 1849; x_wconf 86' lang='lat' dir='ltr'>reliquerit,</span> <span class='ocrx_word' id='word_1_123' title='bbox 794 1772 857 1831; x_wconf 91' lang='lat' dir='ltr'>et</span> <span class='ocrx_word' id='word_1_124' title='bbox 880 1768 1056 1832; x_wconf 86' lang='lat' dir='ltr'>uitae</span> <span class='ocrx_word' id='word_1_125' title='bbox 1086 1769 1171 1832; x_wconf 90' lang='lat' dir='ltr'>ab</span> <span class='ocrx_word' id='word_1_126' title='bbox 1203 1790 1279 1833; x_wconf 87' lang='lat' dir='ltr'>eo</span> <span class='ocrx_word' id='word_1_127' title='bbox 1303 1771 1586 1851; x_wconf 82' lang='lat' dir='ltr'>scriptae</span> <span class='ocrx_word' id='word_1_128' title='bbox 1616 1771 1684 1834; x_wconf 89' lang='lat' dir='ltr'>in</span> <span class='ocrx_word' id='word_1_129' title='bbox 1713 1770 2043 1835; x_wconf 87' lang='lat' dir='ltr'>codicibus</span> <span class='ocrx_word' id='word_1_130' title='bbox 2069 1790 2270 1834; x_wconf 89' lang='lat' dir='ltr'>manu</span> <span class='ocrx_word' id='word_1_131' title='bbox 2301 1771 2556 1851; x_wconf 83' lang='lat' dir='ltr'>scriptis</span> <span class='ocrx_word' id='word_1_132' title='bbox 2589 1770 2722 1833; x_wconf 90' lang='lat' dir='ltr'>iam</span> <span class='ocrx_word' id='word_1_133' title='bbox 2750 1768 2903 1833; x_wconf 88' lang='lat' dir='ltr'>inde</span> 
     </span>
     <span class='ocr_line' id='line_1_14' title="bbox 428 1866 2906 1933; baseline 0 -4"><span class='ocrx_word' id='word_1_134' title='bbox 428 1887 468 1929; x_wconf 87' lang='lat' dir='ltr'>a</span> <span class='ocrx_word' id='word_1_135' title='bbox 496 1866 757 1931; x_wconf 87' lang='lat' dir='ltr'>saeculo</span> <span class='ocrx_word' id='word_1_136' title='bbox 801 1867 1148 1932; x_wconf 90' lang='lat' dir='ltr'>undecimo</span> <span class='ocrx_word' id='word_1_137' title='bbox 1195 1889 1339 1933; x_wconf 90' lang='lat' dir='ltr'>cum</span> <span class='ocrx_word' id='word_1_138' title='bbox 1381 1870 1605 1933; x_wconf 90' lang='lat' dir='ltr'>alienis</span> <span class='ocrx_word' id='word_1_139' title='bbox 1646 1870 1739 1933; x_wconf 84' lang='lat' dir='ltr'>ita</span> <span class='ocrx_word' id='word_1_140' title='bbox 1782 1869 2163 1933; x_wconf 89' lang='lat' dir='ltr'>coniunctae</span> <span class='ocrx_word' id='word_1_141' title='bbox 2211 1872 2364 1933; x_wconf 92' lang='lat' dir='ltr'>sunt</span> <span class='ocrx_word' id='word_1_142' title='bbox 2392 1873 2465 1933; x_wconf 90' lang='lat' dir='ltr'>ut</span> <span class='ocrx_word' id='word_1_143' title='bbox 2492 1869 2603 1931; x_wconf 88' lang='lat' dir='ltr'>uix</span> <span class='ocrx_word' id='word_1_144' title='bbox 2647 1869 2761 1932; x_wconf 89' lang='lat' dir='ltr'>uni</span> <span class='ocrx_word' id='word_1_145' title='bbox 2790 1870 2906 1931; x_wconf 88' lang='lat' dir='ltr'>aut</span> 
     </span>
     <span class='ocr_line' id='line_1_15' title="bbox 429 1964 2902 2050; baseline 0 -21"><span class='ocrx_word' id='word_1_146' title='bbox 429 1964 615 2029; x_wconf 91' lang='lat' dir='ltr'>alteri</span> <span class='ocrx_word' id='word_1_147' title='bbox 660 1966 851 2029; x_wconf 90' lang='lat' dir='ltr'>ullius</span> <span class='ocrx_word' id='word_1_148' title='bbox 883 1968 1214 2049; x_wconf 87' lang='lat' dir='ltr'>scriptoris</span> <span class='ocrx_word' id='word_1_149' title='bbox 1240 1987 1485 2033; x_wconf 88' lang='lat' dir='ltr'>nomen</span> <span class='ocrx_word' id='word_1_150' title='bbox 1516 1970 1887 2050; x_wconf 87' lang='lat' dir='ltr'>appositum</span> <span class='ocrx_word' id='word_1_151' title='bbox 1913 1968 2015 2045; x_wconf 86' lang='lat' dir='ltr'>sit,</span> <span class='ocrx_word' id='word_1_152' title='bbox 2045 1972 2276 2049; x_wconf 85' lang='lat' dir='ltr'>postea</span> <span class='ocrx_word' id='word_1_153' title='bbox 2308 1972 2532 2032; x_wconf 86' lang='lat' dir='ltr'>autem</span> <span class='ocrx_word' id='word_1_154' title='bbox 2564 1967 2673 2049; x_wconf 89' lang='lat' dir='ltr'>qui</span> <span class='ocrx_word' id='word_1_155' title='bbox 2707 1985 2785 2030; x_wconf 87' lang='lat' dir='ltr'>ex</span> <span class='ocrx_word' id='word_1_156' title='bbox 2808 1965 2902 2030; x_wconf 88' lang='lat' dir='ltr'>eis</span> 
     </span>
     <span class='ocr_line' id='line_1_16' title="bbox 429 2064 2905 2149; baseline 0 -22"><span class='ocrx_word' id='word_1_157' title='bbox 429 2064 644 2128; x_wconf 90' lang='lat' dir='ltr'>locum</span> <span class='ocrx_word' id='word_1_158' title='bbox 675 2065 959 2147; x_wconf 86' lang='lat' dir='ltr'>aliquem</span> <span class='ocrx_word' id='word_1_159' title='bbox 993 2067 1348 2131; x_wconf 84' lang='lat' dir='ltr'>attulerunt</span> <span class='ocrx_word' id='word_1_160' title='bbox 1370 2068 1476 2130; x_wconf 90' lang='lat' dir='ltr'>uel</span> <span class='ocrx_word' id='word_1_161' title='bbox 1506 2068 1791 2149; x_wconf 85' lang='lat' dir='ltr'>singulas</span> <span class='ocrx_word' id='word_1_162' title='bbox 1819 2068 1991 2131; x_wconf 87' lang='lat' dir='ltr'>uitas</span> <span class='ocrx_word' id='word_1_163' title='bbox 2016 2067 2362 2132; x_wconf 88' lang='lat' dir='ltr'>ediderunt</span> <span class='ocrx_word' id='word_1_164' title='bbox 2385 2067 2428 2130; x_wconf 92' lang='lat' dir='ltr'>ii</span> <span class='ocrx_word' id='word_1_165' title='bbox 2452 2083 2905 2148; x_wconf 90' lang='lat' dir='ltr'>quaecumque</span> 
     </span>
     <span class='ocr_line' id='line_1_17' title="bbox 431 2163 2906 2249; baseline 0.001 -23"><span class='ocrx_word' id='word_1_166' title='bbox 431 2163 497 2226; x_wconf 91' lang='lat' dir='ltr'>in</span> <span class='ocrx_word' id='word_1_167' title='bbox 530 2164 849 2227; x_wconf 90' lang='lat' dir='ltr'>eiusmodi</span> <span class='ocrx_word' id='word_1_168' title='bbox 881 2165 1210 2229; x_wconf 89' lang='lat' dir='ltr'>codicibus</span> <span class='ocrx_word' id='word_1_169' title='bbox 1241 2166 1624 2249; x_wconf 89' lang='lat' dir='ltr'>legebantur</span> <span class='ocrx_word' id='word_1_170' title='bbox 1653 2167 1720 2231; x_wconf 89' lang='lat' dir='ltr'>in</span> <span class='ocrx_word' id='word_1_171' title='bbox 1754 2168 1971 2248; x_wconf 89' lang='lat' dir='ltr'>ipsum</span> <span class='ocrx_word' id='word_1_172' title='bbox 2003 2167 2442 2231; x_wconf 85' lang='lat' dir='ltr'>conferebant.</span> <span class='ocrx_word' id='word_1_173' title='bbox 2478 2185 2649 2230; x_wconf 90' lang='lat' dir='ltr'>unus</span> <span class='ocrx_word' id='word_1_174' title='bbox 2682 2169 2906 2229; x_wconf 87' lang='lat' dir='ltr'>tamen</span> 
     </span>
     <span class='ocr_line' id='line_1_18' title="bbox 429 2262 2906 2348; baseline 0.001 -24"><span class='ocrx_word' id='word_1_175' title='bbox 429 2262 600 2326; x_wconf 90' lang='lat' dir='ltr'>inter</span> <span class='ocrx_word' id='word_1_176' title='bbox 629 2263 749 2326; x_wconf 93' lang='lat' dir='ltr'>hos</span> <span class='ocrx_word' id='word_1_177' title='bbox 782 2265 1025 2328; x_wconf 87' lang='lat' dir='ltr'>eminet</span> <span class='ocrx_word' id='word_1_178' title='bbox 1054 2266 1442 2329; x_wconf 85' lang='lat' dir='ltr'>auctoritate</span> <span class='ocrx_word' id='word_1_179' title='bbox 1485 2285 1616 2329; x_wconf 91' lang='lat' dir='ltr'>non</span> <span class='ocrx_word' id='word_1_180' title='bbox 1648 2271 1783 2330; x_wconf 88' lang='lat' dir='ltr'>tam</span> <span class='ocrx_word' id='word_1_181' title='bbox 1816 2286 1937 2329; x_wconf 87' lang='lat' dir='ltr'>sua</span> <span class='ocrx_word' id='word_1_182' title='bbox 1968 2285 2170 2348; x_wconf 89' lang='lat' dir='ltr'>quam</span> <span class='ocrx_word' id='word_1_183' title='bbox 2200 2266 2433 2329; x_wconf 83' lang='lat' dir='ltr'>aetatis</span> <span class='ocrx_word' id='word_1_184' title='bbox 2464 2285 2622 2329; x_wconf 82' lang='lat' dir='ltr'>suae</span> <span class='ocrx_word' id='word_1_185' title='bbox 2649 2264 2906 2328; x_wconf 85' lang='lat' dir='ltr'>Suidas.</span> 
     </span>
     <span class='ocr_line' id='line_1_19' title="bbox 429 2361 2907 2446; baseline 0 -20"><span class='ocrx_word' id='word_1_186' title='bbox 429 2361 539 2443; x_wconf 89' lang='lat' dir='ltr'>qui</span> <span class='ocrx_word' id='word_1_187' title='bbox 586 2381 734 2426; x_wconf 83' lang='lat' dir='ltr'>eum</span> <span class='ocrx_word' id='word_1_188' title='bbox 786 2383 998 2444; x_wconf 89' lang='lat' dir='ltr'>paene</span> <span class='ocrx_word' id='word_1_189' title='bbox 1042 2365 1332 2445; x_wconf 84' lang='lat' dir='ltr'>aequalis</span> <span class='ocrx_word' id='word_1_190' title='bbox 1368 2371 1418 2428; x_wconf 88' lang='lat' dir='ltr'><strong>M</strong></span> <span class='ocrx_word' id='word_1_191' title='bbox 1431 2365 1847 2446; x_wconf 84' lang='lat' dir='ltr'>etaphrastae</span> <span class='ocrx_word' id='word_1_192' title='bbox 1881 2365 2081 2429; x_wconf 89' lang='lat' dir='ltr'>fuisse</span> <span class='ocrx_word' id='word_1_193' title='bbox 2110 2365 2410 2429; x_wconf 84' lang='lat' dir='ltr'>uideatur</span> <span class='ocrx_word' id='word_1_194' title='bbox 2436 2365 2462 2403; x_wconf 76' lang='lat'><strong>⁵</strong></span> <span class='ocrx_word' id='word_1_195' title='bbox 2490 2364 2652 2428; x_wconf 90' lang='lat' dir='ltr'>scire</span> <span class='ocrx_word' id='word_1_196' title='bbox 2695 2363 2907 2446; x_wconf 87' lang='lat' dir='ltr'>potuit</span> 
     </span>
     <span class='ocr_line' id='line_1_20' title="bbox 432 2461 2907 2547; baseline 0.001 -24"><span class='ocrx_word' id='word_1_197' title='bbox 432 2461 545 2543; x_wconf 90' lang='lat' dir='ltr'>qui</span> <span class='ocrx_word' id='word_1_198' title='bbox 577 2465 799 2525; x_wconf 88' lang='lat' dir='ltr'>essent</span> <span class='ocrx_word' id='word_1_199' title='bbox 830 2463 1168 2528; x_wconf 87' lang='lat' dir='ltr'>clarissimi</span> <span class='ocrx_word' id='word_1_200' title='bbox 1208 2465 1580 2546; x_wconf 86' lang='lat' dir='ltr'>logothetae</span> <span class='ocrx_word' id='word_1_201' title='bbox 1605 2465 1750 2528; x_wconf 91' lang='lat' dir='ltr'>libri</span> <span class='ocrx_word' id='word_1_202' title='bbox 1781 2464 1892 2547; x_wconf 89' lang='lat' dir='ltr'>qui</span> <span class='ocrx_word' id='word_1_203' title='bbox 1938 2464 2147 2529; x_wconf 85' lang='lat' dir='ltr'>alieni.</span> <span class='ocrx_word' id='word_1_204' title='bbox 2185 2465 2239 2528; x_wconf 92' lang='lat' dir='ltr'>is</span> <span class='ocrx_word' id='word_1_205' title='bbox 2269 2467 2490 2527; x_wconf 91' lang='lat' dir='ltr'>autem</span> <span class='ocrx_word' id='word_1_206' title='bbox 2521 2483 2669 2527; x_wconf 90' lang='lat' dir='ltr'>cum</span> <span class='ocrx_word' id='word_1_207' title='bbox 2697 2461 2907 2526; x_wconf 90' lang='lat' dir='ltr'>nomi-</span> 
     </span>
     <span class='ocr_line' id='line_1_21' title="bbox 428 2560 2905 2644; baseline 0.001 -22"><span class='ocrx_word' id='word_1_208' title='bbox 428 2560 635 2622; x_wconf 87' lang='lat' dir='ltr'>natim</span> <span class='ocrx_word' id='word_1_209' title='bbox 659 2561 917 2625; x_wconf 88' lang='lat' dir='ltr'>adferat</span> <span class='ocrx_word' id='word_1_210' title='bbox 942 2566 1281 2644; x_wconf 83' lang='lat' dir='ltr'>tamquam</span> <span class='ocrx_word' id='word_1_211' title='bbox 1305 2575 1398 2623; x_wconf 79' lang='grc' dir='ltr'>τοῡ</span> <span class='ocrx_word' id='word_1_212' title='bbox 1422 2565 1709 2644; x_wconf 81' lang='grc' dir='ltr'>λογοθέτου</span> <span class='ocrx_word' id='word_1_213' title='bbox 1733 2564 1903 2628; x_wconf 90' lang='lat' dir='ltr'>uitas</span> <span class='ocrx_word' id='word_1_214' title='bbox 1922 2564 2202 2627; x_wconf 88' lang='lat' dir='ltr'>Theclae</span> <span class='ocrx_word' id='word_1_215' title='bbox 2226 2562 2509 2627; x_wconf 89' lang='lat' dir='ltr'>Marcelli</span> <span class='ocrx_word' id='word_1_216' title='bbox 2533 2560 2905 2627; x_wconf 81' lang='lat' dir='ltr'>Calliceladi</span> 
     </span>
     <span class='ocr_line' id='line_1_22' title="bbox 428 2656 2905 2744; baseline 0 -24"><span class='ocrx_word' id='word_1_217' title='bbox 428 2656 664 2740; x_wconf 82' lang='lat' dir='ltr'>Thyrsi</span> <span class='ocrx_word' id='word_1_218' title='bbox 695 2657 739 2736; x_wconf 61' lang='grc' dir='ltr'>ὃ,</span> <span class='ocrx_word' id='word_1_219' title='bbox 773 2659 1008 2740; x_wconf 89' lang='lat' dir='ltr'>quibus</span> <span class='ocrx_word' id='word_1_220' title='bbox 1060 2660 1420 2725; x_wconf 90' lang='lat' dir='ltr'>adiciamus</span> <span class='ocrx_word' id='word_1_221' title='bbox 1474 2661 1622 2725; x_wconf 88' lang='lat' dir='ltr'>licet</span> <span class='ocrx_word' id='word_1_222' title='bbox 1661 2661 1865 2725; x_wconf 88' lang='lat' dir='ltr'>uitam</span> <span class='ocrx_word' id='word_1_223' title='bbox 1907 2660 2213 2744; x_wconf 85' lang='lat' dir='ltr'>Euthymi</span> <span class='ocrx_word' id='word_1_224' title='bbox 2243 2659 2425 2724; x_wconf 91' lang='lat' dir='ltr'>cuius</span> <span class='ocrx_word' id='word_1_225' title='bbox 2457 2658 2667 2721; x_wconf 91' lang='lat' dir='ltr'>locum</span> <span class='ocrx_word' id='word_1_226' title='bbox 2700 2677 2905 2740; x_wconf 89' lang='lat' dir='ltr'>quen-</span> 
     </span>
     <span class='ocr_line' id='line_1_23' title="bbox 432 2755 2901 2841; baseline 0 -23"><span class='ocrx_word' id='word_1_227' title='bbox 432 2755 586 2819; x_wconf 85' lang='lat' dir='ltr'>dam</span> <span class='ocrx_word' id='word_1_228' title='bbox 620 2761 670 2815; x_wconf 82' lang='grc' dir='ltr'>ἐν</span> <span class='ocrx_word' id='word_1_229' title='bbox 712 2767 780 2836; x_wconf 80' lang='grc' dir='ltr'>τῇ</span> <span class='ocrx_word' id='word_1_230' title='bbox 829 2763 1152 2839; x_wconf 73' lang='grc' dir='ltr'>μεταφράσει</span> <span class='ocrx_word' id='word_1_231' title='bbox 1179 2761 1467 2841; x_wconf 81' lang='lat' dir='ltr'>positum</span> <span class='ocrx_word' id='word_1_232' title='bbox 1495 2765 1819 2825; x_wconf 90' lang='lat' dir='ltr'>memorat</span> <span class='ocrx_word' id='word_1_233' title='bbox 1860 2760 1902 2837; x_wconf 79' lang='lat'>⁷,</span> <span class='ocrx_word' id='word_1_234' title='bbox 1933 2780 2088 2824; x_wconf 91' lang='lat' dir='ltr'>nam</span> <span class='ocrx_word' id='word_1_235' title='bbox 2133 2759 2420 2824; x_wconf 90' lang='lat' dir='ltr'>Danielis</span> <span class='ocrx_word' id='word_1_236' title='bbox 2453 2760 2512 2822; x_wconf 87' lang='lat' dir='ltr'>et</span> <span class='ocrx_word' id='word_1_237' title='bbox 2556 2756 2901 2840; x_wconf 83' lang='lat' dir='ltr'>Symeonis</span> 
     </span>
     <span class='ocr_line' id='line_1_24' title="bbox 430 2854 2905 2942; baseline 0.001 -25"><span class='ocrx_word' id='word_1_238' title='bbox 430 2855 814 2936; x_wconf 87' lang='lat' dir='ltr'>Stylitarum</span> <span class='ocrx_word' id='word_1_239' title='bbox 846 2857 1244 2940; x_wconf 88' lang='lat' dir='ltr'>Lucianique</span> <span class='ocrx_word' id='word_1_240' title='bbox 1274 2860 1442 2924; x_wconf 85' lang='lat' dir='ltr'>uitas</span> <span class='ocrx_word' id='word_1_241' title='bbox 1474 2860 1546 2924; x_wconf 88' lang='lat' dir='ltr'>G.</span> <span class='ocrx_word' id='word_1_242' title='bbox 1579 2859 1966 2942; x_wconf 86' lang='lat' dir='ltr'>Bernhardy</span> <span class='ocrx_word' id='word_1_243' title='bbox 2000 2880 2133 2922; x_wconf 90' lang='lat' dir='ltr'>non</span> <span class='ocrx_word' id='word_1_244' title='bbox 2165 2859 2249 2922; x_wconf 88' lang='lat' dir='ltr'>ab</span> <span class='ocrx_word' id='word_1_245' title='bbox 2280 2859 2422 2941; x_wconf 87' lang='lat' dir='ltr'>ipso</span> <span class='ocrx_word' id='word_1_246' title='bbox 2453 2856 2659 2921; x_wconf 87' lang='lat' dir='ltr'>Suida</span> <span class='ocrx_word' id='word_1_247' title='bbox 2679 2854 2905 2937; x_wconf 90' lang='lat' dir='ltr'>appel-</span> 
     </span>
     <span class='ocr_line' id='line_1_25' title="bbox 426 2954 2905 3035; baseline 0.001 -19"><span class='ocrx_word' id='word_1_248' title='bbox 426 2954 595 3018; x_wconf 87' lang='lat' dir='ltr'>latas</span> <span class='ocrx_word' id='word_1_249' title='bbox 658 2960 882 3019; x_wconf 86' lang='lat' dir='ltr'>censet</span> <span class='ocrx_word' id='word_1_250' title='bbox 935 2957 979 3035; x_wconf 76' lang='grc'>8,</span> <span class='ocrx_word' id='word_1_251' title='bbox 1029 2958 1350 3022; x_wconf 88' lang='lat' dir='ltr'>habemus</span> <span class='ocrx_word' id='word_1_252' title='bbox 1408 2962 1539 3023; x_wconf 87' lang='lat' dir='ltr'>iam</span> <span class='ocrx_word' id='word_1_253' title='bbox 1584 2964 1696 3023; x_wconf 90' lang='lat' dir='ltr'>aut</span> <span class='ocrx_word' id='word_1_254' title='bbox 1740 2960 1978 3023; x_wconf 87' lang='lat' dir='ltr'>saltem</span> <span class='ocrx_word' id='word_1_255' title='bbox 2021 2960 2323 3022; x_wconf 88' lang='lat' dir='ltr'>uidemur</span> <span class='ocrx_word' id='word_1_256' title='bbox 2364 2958 2607 3021; x_wconf 89' lang='lat' dir='ltr'>habere</span> <span class='ocrx_word' id='word_1_257' title='bbox 2658 2960 2905 3019; x_wconf 90' lang='lat' dir='ltr'>certam</span> 
     </span>
     <span class='ocr_line' id='line_1_26' title="bbox 427 3054 2903 3140; baseline 0 -24"><span class='ocrx_word' id='word_1_258' title='bbox 427 3054 769 3134; x_wconf 90' lang='lat' dir='ltr'>quandam</span> <span class='ocrx_word' id='word_1_259' title='bbox 797 3076 1100 3121; x_wconf 89' lang='lat' dir='ltr'>normam</span> <span class='ocrx_word' id='word_1_260' title='bbox 1144 3060 1209 3121; x_wconf 91' lang='lat' dir='ltr'>et</span> <span class='ocrx_word' id='word_1_261' title='bbox 1251 3058 1540 3139; x_wconf 74' lang='lat' dir='ltr'>‘regulam</span> <span class='ocrx_word' id='word_1_262' title='bbox 1588 3058 1673 3122; x_wconf 83' lang='lat' dir='ltr'>ad</span> <span class='ocrx_word' id='word_1_263' title='bbox 1704 3078 1905 3140; x_wconf 89' lang='lat' dir='ltr'>quam</span> <span class='ocrx_word' id='word_1_264' title='bbox 1940 3058 2110 3122; x_wconf 82' lang='lat' dir='ltr'>uitas</span> <span class='ocrx_word' id='word_1_265' title='bbox 2140 3055 2434 3139; x_wconf 82' lang='lat' dir='ltr'>reliquas</span> <span class='ocrx_word' id='word_1_266' title='bbox 2458 3055 2903 3119; x_wconf 85' lang='lat' dir='ltr'>examinemus</span> 
     </span>
     <span class='ocr_line' id='line_1_27' title="bbox 427 3145 2906 3238; baseline 0.001 -24"><span class='ocrx_word' id='word_1_267' title='bbox 427 3156 493 3215; x_wconf 90' lang='lat' dir='ltr'>et</span> <span class='ocrx_word' id='word_1_268' title='bbox 544 3152 782 3234; x_wconf 89' lang='lat' dir='ltr'>ingenii</span> <span class='ocrx_word' id='word_1_269' title='bbox 831 3145 1139 3238; x_wconf 85' lang='lat' dir='ltr'>Symeoni</span> <span class='ocrx_word' id='word_1_270' title='bbox 1152 3157 1259 3221; x_wconf 90' lang='lat' dir='ltr'>ani</span> <span class='ocrx_word' id='word_1_271' title='bbox 1304 3176 1498 3221; x_wconf 90' lang='lat' dir='ltr'>ueros</span> <span class='ocrx_word' id='word_1_272' title='bbox 1549 3158 1719 3221; x_wconf 87' lang='lat' dir='ltr'>fetus</span> <span class='ocrx_word' id='word_1_273' title='bbox 1772 3177 1811 3221; x_wconf 93' lang='lat' dir='ltr'>a</span> <span class='ocrx_word' id='word_1_274' title='bbox 1864 3157 2101 3238; x_wconf 90' lang='lat' dir='ltr'>spuriis</span> <span class='ocrx_word' id='word_1_275' title='bbox 2146 3174 2579 3238; x_wconf 80' lang='lat' dir='ltr'>segregemus,</span> <span class='ocrx_word' id='word_1_276' title='bbox 2632 3157 2700 3217; x_wconf 91' lang='lat' dir='ltr'>at</span> <span class='ocrx_word' id='word_1_277' title='bbox 2741 3153 2906 3216; x_wconf 89' lang='lat' dir='ltr'>haec</span> 
     </span>
     <span class='ocr_line' id='line_1_28' title="bbox 426 3251 2902 3338; baseline 0.001 -26"><span class='ocrx_word' id='word_1_278' title='bbox 426 3251 606 3332; x_wconf 88' lang='lat' dir='ltr'>ipsae</span> <span class='ocrx_word' id='word_1_279' title='bbox 649 3253 825 3318; x_wconf 86' lang='lat' dir='ltr'>uitae</span> <span class='ocrx_word' id='word_1_280' title='bbox 853 3256 1128 3318; x_wconf 75' lang='lat' dir='ltr'>niqum</span> <span class='ocrx_word' id='word_1_281' title='bbox 1159 3260 1491 3338; x_wconf 88' lang='lat' dir='ltr'>quantum</span> <span class='ocrx_word' id='word_1_282' title='bbox 1540 3257 1708 3320; x_wconf 85' lang='lat' dir='ltr'>inter</span> <span class='ocrx_word' id='word_1_283' title='bbox 1756 3276 1827 3320; x_wconf 91' lang='lat' dir='ltr'>se</span> <span class='ocrx_word' id='word_1_284' title='bbox 1879 3255 2208 3319; x_wconf 86' lang='lat' dir='ltr'>differunt.</span> <span class='ocrx_word' id='word_1_285' title='bbox 2245 3257 2398 3318; x_wconf 90' lang='lat' dir='ltr'>sunt</span> <span class='ocrx_word' id='word_1_286' title='bbox 2433 3254 2669 3317; x_wconf 91' lang='lat' dir='ltr'>breues</span> <span class='ocrx_word' id='word_1_287' title='bbox 2700 3270 2902 3334; x_wconf 89' lang='lat' dir='ltr'>quae-</span> 
     </span>
     <span class='ocr_line' id='line_1_29' title="bbox 427 3350 2900 3434; baseline -0 -20"><span class='ocrx_word' id='word_1_288' title='bbox 427 3350 598 3428; x_wconf 88' lang='lat' dir='ltr'>dam,</span> <span class='ocrx_word' id='word_1_289' title='bbox 619 3353 972 3434; x_wconf 87' lang='lat' dir='ltr'>perlongae</span> <span class='ocrx_word' id='word_1_290' title='bbox 1022 3356 1206 3432; x_wconf 85' lang='lat' dir='ltr'>aliae,</span> <span class='ocrx_word' id='word_1_291' title='bbox 1241 3360 1394 3419; x_wconf 85' lang='lat' dir='ltr'>sunt</span> <span class='ocrx_word' id='word_1_292' title='bbox 1437 3357 1718 3419; x_wconf 88' lang='lat' dir='ltr'>oratorie</span> <span class='ocrx_word' id='word_1_293' title='bbox 1763 3355 1950 3431; x_wconf 84' lang='lat' dir='ltr'>aliae,</span> <span class='ocrx_word' id='word_1_294' title='bbox 1997 3354 2162 3418; x_wconf 88' lang='lat' dir='ltr'>aliae</span> <span class='ocrx_word' id='word_1_295' title='bbox 2212 3353 2517 3417; x_wconf 85' lang='lat' dir='ltr'>historice</span> <span class='ocrx_word' id='word_1_296' title='bbox 2561 3354 2900 3429; x_wconf 85' lang='lat' dir='ltr'>tractatae,</span> 
     </span>
     <span class='ocr_line' id='line_1_30' title="bbox 425 3454 2900 3536; baseline 0.001 -24"><span class='ocrx_word' id='word_1_297' title='bbox 425 3454 574 3514; x_wconf 89' lang='lat' dir='ltr'>sunt</span> <span class='ocrx_word' id='word_1_298' title='bbox 598 3471 769 3533; x_wconf 87' lang='lat' dir='ltr'>quae</span> <span class='ocrx_word' id='word_1_299' title='bbox 790 3472 923 3517; x_wconf 91' lang='lat' dir='ltr'>uno</span> <span class='ocrx_word' id='word_1_300' title='bbox 948 3454 1312 3536; x_wconf 88' lang='lat' dir='ltr'>eodemque</span> <span class='ocrx_word' id='word_1_301' title='bbox 1343 3455 1495 3519; x_wconf 92' lang='lat' dir='ltr'>stilo</span> <span class='ocrx_word' id='word_1_302' title='bbox 1523 3460 1696 3519; x_wconf 82' lang='lat' dir='ltr'>totae</span> <span class='ocrx_word' id='word_1_303' title='bbox 1721 3459 2029 3519; x_wconf 86' lang='lat' dir='ltr'>exaratae</span> <span class='ocrx_word' id='word_1_304' title='bbox 2052 3454 2424 3531; x_wconf 91' lang='lat' dir='ltr'>uideantur,</span> <span class='ocrx_word' id='word_1_305' title='bbox 2447 3456 2600 3517; x_wconf 88' lang='lat' dir='ltr'>sunt</span> <span class='ocrx_word' id='word_1_306' title='bbox 2622 3470 2900 3534; x_wconf 86' lang='lat' dir='ltr'>quarum</span> 
     </span>
     <span class='ocr_line' id='line_1_31' title="bbox 424 3551 2899 3636; baseline 0 -24"><span class='ocrx_word' id='word_1_307' title='bbox 424 3555 646 3630; x_wconf 87' lang='lat' dir='ltr'>partes</span> <span class='ocrx_word' id='word_1_308' title='bbox 687 3553 1014 3634; x_wconf 88' lang='lat' dir='ltr'>quasdam</span> <span class='ocrx_word' id='word_1_309' title='bbox 1047 3557 1385 3635; x_wconf 85' lang='lat' dir='ltr'>tamquam</span> <span class='ocrx_word' id='word_1_310' title='bbox 1419 3558 1764 3618; x_wconf 89' lang='lat' dir='ltr'>caementa</span> <span class='ocrx_word' id='word_1_311' title='bbox 1792 3558 1984 3636; x_wconf 90' lang='lat' dir='ltr'>putes</span> <span class='ocrx_word' id='word_1_312' title='bbox 2024 3574 2102 3618; x_wconf 91' lang='lat' dir='ltr'>ex</span> <span class='ocrx_word' id='word_1_313' title='bbox 2134 3554 2410 3617; x_wconf 88' lang='lat' dir='ltr'>aliorum</span> <span class='ocrx_word' id='word_1_314' title='bbox 2454 3551 2899 3616; x_wconf 87' lang='lat' dir='ltr'>aedificiorum</span> 
     </span>
     <span class='ocr_line' id='line_1_32' title="bbox 426 3649 2898 3733; baseline 0 -23"><span class='ocrx_word' id='word_1_315' title='bbox 426 3649 631 3712; x_wconf 91' lang='lat' dir='ltr'>ruinis</span> <span class='ocrx_word' id='word_1_316' title='bbox 664 3652 932 3716; x_wconf 88' lang='lat' dir='ltr'>collecta</span> <span class='ocrx_word' id='word_1_317' title='bbox 964 3656 1028 3716; x_wconf 92' lang='lat' dir='ltr'>et</span> <span class='ocrx_word' id='word_1_318' title='bbox 1063 3653 1128 3716; x_wconf 90' lang='lat' dir='ltr'>in</span> <span class='ocrx_word' id='word_1_319' title='bbox 1179 3672 1356 3716; x_wconf 91' lang='lat' dir='ltr'>noua</span> <span class='ocrx_word' id='word_1_320' title='bbox 1382 3658 1711 3718; x_wconf 70' lang='lat' dir='ltr'>&#39;structura</span> <span class='ocrx_word' id='word_1_321' title='bbox 1741 3653 2011 3717; x_wconf 87' lang='lat' dir='ltr'>inclusa.</span> <span class='ocrx_word' id='word_1_322' title='bbox 2051 3654 2272 3733; x_wconf 86' lang='lat' dir='ltr'>itaque</span> <span class='ocrx_word' id='word_1_323' title='bbox 2307 3652 2609 3716; x_wconf 90' lang='lat' dir='ltr'>uidemur</span> <span class='ocrx_word' id='word_1_324' title='bbox 2637 3667 2898 3713; x_wconf 88' lang='lat' dir='ltr'>rursum</span> 
     </span>
     <span class='ocr_line' id='line_1_33' title="bbox 426 3746 2897 3834; baseline -0.001 -23"><span class='ocrx_word' id='word_1_325' title='bbox 426 3749 720 3813; x_wconf 88' lang='lat' dir='ltr'>amisisse</span> <span class='ocrx_word' id='word_1_326' title='bbox 744 3752 1052 3816; x_wconf 83' lang='lat' dir='ltr'>auxilium</span> <span class='ocrx_word' id='word_1_327' title='bbox 1078 3752 1273 3817; x_wconf 89' lang='lat' dir='ltr'>modo</span> <span class='ocrx_word' id='word_1_328' title='bbox 1297 3757 1646 3834; x_wconf 88' lang='lat' dir='ltr'>repertum.</span> <span class='ocrx_word' id='word_1_329' title='bbox 1672 3754 1791 3817; x_wconf 87' lang='lat' dir='ltr'>sed</span> <span class='ocrx_word' id='word_1_330' title='bbox 1813 3753 2063 3834; x_wconf 89' lang='lat' dir='ltr'>aliquid</span> <span class='ocrx_word' id='word_1_331' title='bbox 2090 3746 2317 3816; x_wconf 83' lang='lat' dir='ltr'>tamen</span> <span class='ocrx_word' id='word_1_332' title='bbox 2349 3755 2646 3814; x_wconf 86' lang='lat' dir='ltr'>tenemus</span> <span class='ocrx_word' id='word_1_333' title='bbox 2672 3748 2740 3811; x_wconf 91' lang='lat' dir='ltr'>in</span> <span class='ocrx_word' id='word_1_334' title='bbox 2764 3766 2897 3829; x_wconf 89' lang='lat' dir='ltr'>quo</span> 
     </span>
     <span class='ocr_line' id='line_1_34' title="bbox 426 3847 2900 3939; baseline -0.001 -29"><span class='ocrx_word' id='word_1_335' title='bbox 426 3847 736 3939; x_wconf 87' lang='lat' dir='ltr'>iudicium</span> <span class='ocrx_word' id='word_1_336' title='bbox 758 3851 1022 3915; x_wconf 84' lang='lat' dir='ltr'>nitatur.</span> <span class='ocrx_word' id='word_1_337' title='bbox 1048 3871 1287 3934; x_wconf 87' lang='lat' dir='ltr'>nempe</span> <span class='ocrx_word' id='word_1_338' title='bbox 1316 3853 1371 3916; x_wconf 90' lang='lat' dir='ltr'>is</span> <span class='ocrx_word' id='word_1_339' title='bbox 1403 3853 1577 3916; x_wconf 84' lang='lat' dir='ltr'>color</span> <span class='ocrx_word' id='word_1_340' title='bbox 1599 3852 1908 3917; x_wconf 88' lang='lat' dir='ltr'>orationis</span> <span class='ocrx_word' id='word_1_341' title='bbox 1932 3872 2063 3934; x_wconf 92' lang='lat' dir='ltr'>quo</span> <span class='ocrx_word' id='word_1_342' title='bbox 2088 3852 2334 3933; x_wconf 87' lang='lat' dir='ltr'>passim</span> <span class='ocrx_word' id='word_1_343' title='bbox 2349 3852 2483 3915; x_wconf 79' lang='lat' dir='ltr'>‚aut</span> <span class='ocrx_word' id='word_1_344' title='bbox 2499 3848 2761 3912; x_wconf 88' lang='lat' dir='ltr'>densius</span> <span class='ocrx_word' id='word_1_345' title='bbox 2785 3847 2900 3910; x_wconf 84' lang='lat' dir='ltr'>aut</span> 
     </span>
     <span class='ocr_line' id='line_1_35' title="bbox 425 3947 2897 4033; baseline 0 -24"><span class='ocrx_word' id='word_1_346' title='bbox 425 3947 635 4011; x_wconf 88' lang='lat' dir='ltr'>rarius</span> <span class='ocrx_word' id='word_1_347' title='bbox 666 3950 840 4013; x_wconf 89' lang='lat' dir='ltr'>uitae</span> <span class='ocrx_word' id='word_1_348' title='bbox 869 3970 910 4013; x_wconf 89' lang='lat' dir='ltr'>a</span> <span class='ocrx_word' id='word_1_349' title='bbox 950 3951 1155 4015; x_wconf 85' lang='lat' dir='ltr'>Suida</span> <span class='ocrx_word' id='word_1_350' title='bbox 1186 3955 1587 4016; x_wconf 88' lang='lat' dir='ltr'>memoratae</span> <span class='ocrx_word' id='word_1_351' title='bbox 1616 3952 1859 4015; x_wconf 88' lang='lat' dir='ltr'>oblitae</span> <span class='ocrx_word' id='word_1_352' title='bbox 1904 3955 2057 4014; x_wconf 87' lang='lat' dir='ltr'>sunt</span> <span class='ocrx_word' id='word_1_353' title='bbox 2087 3971 2216 4033; x_wconf 89' lang='lat' dir='ltr'>quo</span> <span class='ocrx_word' id='word_1_354' title='bbox 2260 3949 2667 4013; x_wconf 85' lang='lat' dir='ltr'>manifestius</span> <span class='ocrx_word' id='word_1_355' title='bbox 2695 3965 2897 4026; x_wconf 90' lang='lat' dir='ltr'>appa-</span> 
     </span>
     <span class='ocr_line' id='line_1_36' title="bbox 358 4044 2895 4141; baseline -0 -33"><span class='ocrx_word' id='word_1_356' title='bbox 358 4061 362 4064; x_wconf 87' lang='grc'><em>·</em></span> <span class='ocrx_word' id='word_1_357' title='bbox 425 4046 613 4125; x_wconf 90' lang='lat' dir='ltr'>rebit,</span> <span class='ocrx_word' id='word_1_358' title='bbox 661 4048 842 4112; x_wconf 88' lang='lat' dir='ltr'>uelut</span> <span class='ocrx_word' id='word_1_359' title='bbox 883 4051 950 4112; x_wconf 88' lang='grc'>111</span> <span class='ocrx_word' id='word_1_360' title='bbox 992 4050 1143 4114; x_wconf 87' lang='lat' dir='ltr'>uitis</span> <span class='ocrx_word' id='word_1_361' title='bbox 1175 4051 1646 4132; x_wconf 84' lang='lat' dir='ltr'>Euphrosynae</span> <span class='ocrx_word' id='word_1_362' title='bbox 1692 4050 1953 4129; x_wconf 84' lang='lat' dir='ltr'>Ioannis</span> <span class='ocrx_word' id='word_1_363' title='bbox 1999 4050 2281 4131; x_wconf 92' lang='lat' dir='ltr'>Philippi</span> <span class='ocrx_word' id='word_1_364' title='bbox 2332 4049 2492 4126; x_wconf 82' lang='lat' dir='ltr'>aliis,</span> <span class='ocrx_word' id='word_1_365' title='bbox 2539 4067 2615 4111; x_wconf 93' lang='lat' dir='ltr'>eo</span> <span class='ocrx_word' id='word_1_366' title='bbox 2660 4044 2895 4141; x_wconf 86' lang='lat' dir='ltr'>certius</span> 
     </span>
    </p>
   </div>
   <div class='ocr_carea' id='block_1_3' title="bbox 320 4147 2897 4233">
    <p class='ocr_par' dir='ltr' id='par_1_3' title="bbox 320 4147 2897 4233">
     <span class='ocr_line' id='line_1_37' title="bbox 320 4147 2897 4233; baseline -0.001 -25"><span class='ocrx_word' id='word_1_367' title='bbox 320 4188 326 4194; x_wconf 88' lang='lat'><em>-</em></span> <span class='ocrx_word' id='word_1_368' title='bbox 426 4151 879 4225; x_wconf 84' lang='lat' dir='ltr'>argumentum</span> <span class='ocrx_word' id='word_1_369' title='bbox 915 4149 1034 4212; x_wconf 85' lang='lat' dir='ltr'>erit</span> <span class='ocrx_word' id='word_1_370' title='bbox 1064 4149 1325 4230; x_wconf 87' lang='lat' dir='ltr'>originis</span> <span class='ocrx_word' id='word_1_371' title='bbox 1355 4150 1851 4233; x_wconf 85' lang='lat' dir='ltr'>Symeonianae.</span> <span class='ocrx_word' id='word_1_372' title='bbox 1881 4150 2003 4214; x_wconf 93' lang='lat' dir='ltr'>hoc</span> <span class='ocrx_word' id='word_1_373' title='bbox 2035 4153 2254 4213; x_wconf 82' lang='lat' dir='ltr'>autem</span> <span class='ocrx_word' id='word_1_374' title='bbox 2287 4149 2673 4228; x_wconf 89' lang='lat' dir='ltr'>argumento</span> <span class='ocrx_word' id='word_1_375' title='bbox 2705 4147 2897 4208; x_wconf 84' lang='lat' dir='ltr'>uteu-</span> 
     </span>
    </p>
   </div>
   <div class='ocr_carea' id='block_1_4' title="bbox 425 4243 2896 4338">
    <p class='ocr_par' dir='ltr' id='par_1_4' title="bbox 425 4243 2896 4338">
     <span class='ocr_line' id='line_1_38' title="bbox 425 4243 2896 4338; baseline -0 -31"><span class='ocrx_word' id='word_1_376' title='bbox 425 4243 600 4309; x_wconf 88' lang='lat' dir='ltr'>tibus</span> <span class='ocrx_word' id='word_1_377' title='bbox 621 4245 790 4311; x_wconf 88' lang='lat' dir='ltr'>inter</span> <span class='ocrx_word' id='word_1_378' title='bbox 813 4248 1172 4312; x_wconf 88' lang='lat' dir='ltr'>certissima</span> <span class='ocrx_word' id='word_1_379' title='bbox 1192 4248 1386 4312; x_wconf 87' lang='lat' dir='ltr'>huius</span> <span class='ocrx_word' id='word_1_380' title='bbox 1410 4249 1739 4332; x_wconf 88' lang='lat' dir='ltr'>scriptoris</span> <span class='ocrx_word' id='word_1_381' title='bbox 1762 4269 1965 4330; x_wconf 86' lang='lat' dir='ltr'>opera</span> <span class='ocrx_word' id='word_1_382' title='bbox 1988 4248 2272 4312; x_wconf 91' lang='lat' dir='ltr'>futuram</span> <span class='ocrx_word' id='word_1_383' title='bbox 2295 4267 2439 4311; x_wconf 87' lang='lat' dir='ltr'>esse</span> <span class='ocrx_word' id='word_1_384' title='bbox 2452 4245 2896 4338; x_wconf 79' lang='lat' dir='ltr'>narrationem</span> 
     </span>
    </p>
   </div>
   <div class='ocr_carea' id='block_1_5' title="bbox 424 4425 2896 4926">
    <p class='ocr_par' dir='ltr' id='par_1_5' title="bbox 424 4425 2896 4926">
     <span class='ocr_line' id='line_1_39' title="bbox 513 4425 2888 4507; baseline -0.001 -22"><span class='ocrx_word' id='word_1_385' title='bbox 513 4425 534 4462; x_wconf 88' lang='lat'>¹</span> <span class='ocrx_word' id='word_1_386' title='bbox 562 4434 646 4485; x_wconf 87' lang='lat' dir='ltr'>De</span> <span class='ocrx_word' id='word_1_387' title='bbox 673 4435 1010 4502; x_wconf 78' lang='lat' dir='ltr'>Symeonum</span> <span class='ocrx_word' id='word_1_388' title='bbox 1039 4440 1264 4505; x_wconf 76' lang='lat' dir='ltr'>scriptis</span> <span class='ocrx_word' id='word_1_389' title='bbox 1293 4438 1560 4502; x_wconf 83' lang='lat' dir='ltr'>diatriba,</span> <span class='ocrx_word' id='word_1_390' title='bbox 1598 4435 1779 4490; x_wconf 81' lang='lat' dir='ltr'>Paris,</span> <span class='ocrx_word' id='word_1_391' title='bbox 1823 4435 1997 4507; x_wconf 84' lang='lat'>1664,</span> <span class='ocrx_word' id='word_1_392' title='bbox 2029 4453 2085 4506; x_wconf 91' lang='lat' dir='ltr'>p.</span> <span class='ocrx_word' id='word_1_393' title='bbox 2140 4434 2252 4489; x_wconf 79' lang='lat'>127</span> <span class='ocrx_word' id='word_1_394' title='bbox 2290 4453 2304 4501; x_wconf 81' lang='lat'>3</span> <span class='ocrx_word' id='word_1_395' title='bbox 2353 4433 2645 4503; x_wconf 86' lang='lat' dir='ltr'>descripsit</span> <span class='ocrx_word' id='word_1_396' title='bbox 2677 4432 2888 4500; x_wconf 81' lang='lat' dir='ltr'>Migne,</span> 
     </span>
     <span class='ocr_line' id='line_1_40' title="bbox 424 4513 2883 4588; baseline 0.002 -22"><span class='ocrx_word' id='word_1_397' title='bbox 424 4515 645 4573; x_wconf 72' lang='lat' dir='ltr'>Patrol.</span> <span class='ocrx_word' id='word_1_398' title='bbox 669 4534 763 4584; x_wconf 69' lang='lat' dir='ltr'>qr.</span> <span class='ocrx_word' id='word_1_399' title='bbox 795 4523 838 4571; x_wconf 89' lang='lat' dir='ltr'>t.</span> <span class='ocrx_word' id='word_1_400' title='bbox 876 4516 1081 4571; x_wconf 88' lang='lat' dir='ltr'>CXIIII</span> <span class='ocrx_word' id='word_1_401' title='bbox 1111 4537 1167 4588; x_wconf 88' lang='lat' dir='ltr'>p.</span> <span class='ocrx_word' id='word_1_402' title='bbox 1202 4518 1275 4573; x_wconf 86' lang='lat'>19</span> <span class='ocrx_word' id='word_1_403' title='bbox 1306 4538 1380 4572; x_wconf 86' lang='lat' dir='ltr'>ss.</span> <span class='ocrx_word' id='word_1_404' title='bbox 1409 4550 1491 4558; x_wconf 92' lang='lat'>——</span> <span class='ocrx_word' id='word_1_405' title='bbox 1520 4513 1545 4550; x_wconf 74' lang='lat'>2</span> <span class='ocrx_word' id='word_1_406' title='bbox 1569 4519 1932 4587; x_wconf 70' lang='lat' dir='ltr'>Patroloyiae</span> <span class='ocrx_word' id='word_1_407' title='bbox 1960 4535 2126 4588; x_wconf 86' lang='lat' dir='ltr'>quam</span> <span class='ocrx_word' id='word_1_408' title='bbox 2148 4517 2292 4572; x_wconf 80' lang='lat' dir='ltr'>dixit</span> <span class='ocrx_word' id='word_1_409' title='bbox 2307 4534 2547 4585; x_wconf 57' lang='lat' dir='ltr'>,qraecae</span> <span class='ocrx_word' id='word_1_410' title='bbox 2576 4520 2619 4568; x_wconf 83' lang='lat' dir='ltr'>t.</span> <span class='ocrx_word' id='word_1_411' title='bbox 2657 4513 2883 4570; x_wconf 87' lang='lat' dir='ltr'>CXIIII.</span> 
     </span>
     <span class='ocr_line' id='line_1_41' title="bbox 426 4594 2879 4669; baseline -0.001 -18"><span class='ocrx_word' id='word_1_412' title='bbox 426 4595 596 4651; x_wconf 87' lang='lat' dir='ltr'>CXV.</span> <span class='ocrx_word' id='word_1_413' title='bbox 626 4597 822 4652; x_wconf 88' lang='lat' dir='ltr'>CXVI.</span> <span class='ocrx_word' id='word_1_414' title='bbox 851 4631 932 4640; x_wconf 90' lang='lat'>—</span> <span class='ocrx_word' id='word_1_415' title='bbox 953 4594 980 4631; x_wconf 79' lang='lat'>3</span> <span class='ocrx_word' id='word_1_416' title='bbox 1003 4601 1069 4654; x_wconf 90' lang='lat' dir='ltr'>P.</span> <span class='ocrx_word' id='word_1_417' title='bbox 1100 4601 1177 4655; x_wconf 76' lang='lat'>20</span> <span class='ocrx_word' id='word_1_418' title='bbox 1208 4620 1284 4655; x_wconf 91' lang='grc'>33.</span> <span class='ocrx_word' id='word_1_419' title='bbox 1314 4631 1394 4640; x_wconf 93' lang='grc'>-</span> <span class='ocrx_word' id='word_1_420' title='bbox 1420 4595 1450 4633; x_wconf 81' lang='lat'>4</span> <span class='ocrx_word' id='word_1_421' title='bbox 1473 4601 1558 4656; x_wconf 89' lang='lat' dir='ltr'>Cf.</span> <span class='ocrx_word' id='word_1_422' title='bbox 1588 4603 1698 4655; x_wconf 90' lang='lat' dir='ltr'>Leo</span> <span class='ocrx_word' id='word_1_423' title='bbox 1722 4601 1981 4663; x_wconf 66' lang='grc' dir='ltr'>Α11311113,</span> <span class='ocrx_word' id='word_1_424' title='bbox 2018 4602 2086 4654; x_wconf 81' lang='lat' dir='ltr'>de</span> <span class='ocrx_word' id='word_1_425' title='bbox 2107 4601 2261 4669; x_wconf 82' lang='lat' dir='ltr'>Sym.</span> <span class='ocrx_word' id='word_1_426' title='bbox 2291 4600 2589 4657; x_wconf 77' lang='lat' dir='ltr'>scr.diatr.</span> <span class='ocrx_word' id='word_1_427' title='bbox 2615 4615 2671 4668; x_wconf 90' lang='lat' dir='ltr'>p.</span> <span class='ocrx_word' id='word_1_428' title='bbox 2694 4597 2771 4650; x_wconf 87' lang='grc'>76</span> <span class='ocrx_word' id='word_1_429' title='bbox 2804 4613 2879 4649; x_wconf 87' lang='grc'>33.</span> 
     </span>
     <span class='ocr_line' id='line_1_42' title="bbox 425 4674 2891 4754; baseline -0 -21"><span class='ocrx_word' id='word_1_430' title='bbox 425 4709 507 4717; x_wconf 92' lang='lat'>——</span> <span class='ocrx_word' id='word_1_431' title='bbox 548 4674 574 4712; x_wconf 78' lang='lat'><strong>5</strong></span> <span class='ocrx_word' id='word_1_432' title='bbox 618 4681 702 4734; x_wconf 85' lang='lat' dir='ltr'>Cf.</span> <span class='ocrx_word' id='word_1_433' title='bbox 753 4699 894 4752; x_wconf 84' lang='lat' dir='ltr'>quae</span> <span class='ocrx_word' id='word_1_434' title='bbox 950 4685 1228 4753; x_wconf 84' lang='lat' dir='ltr'>praefatus</span> <span class='ocrx_word' id='word_1_435' title='bbox 1259 4689 1341 4738; x_wconf 86' lang='lat' dir='ltr'>est</span> <span class='ocrx_word' id='word_1_436' title='bbox 1373 4685 1438 4738; x_wconf 92' lang='lat' dir='ltr'>G.</span> <span class='ocrx_word' id='word_1_437' title='bbox 1475 4685 1799 4754; x_wconf 81' lang='lat' dir='ltr'>Bernhardy</span> <span class='ocrx_word' id='word_1_438' title='bbox 1827 4683 1886 4736; x_wconf 89' lang='lat' dir='ltr'>in</span> <span class='ocrx_word' id='word_1_439' title='bbox 1916 4682 2115 4737; x_wconf 86' lang='lat' dir='ltr'>Suidae</span> <span class='ocrx_word' id='word_1_440' title='bbox 2159 4682 2246 4736; x_wconf 91' lang='lat' dir='ltr'>sui</span> <span class='ocrx_word' id='word_1_441' title='bbox 2287 4687 2331 4736; x_wconf 80' lang='lat' dir='ltr'>t.</span> <span class='ocrx_word' id='word_1_442' title='bbox 2381 4682 2408 4735; x_wconf 97' lang='lat' dir='ltr'>I</span> <span class='ocrx_word' id='word_1_443' title='bbox 2449 4699 2505 4752; x_wconf 91' lang='lat' dir='ltr'>p.</span> <span class='ocrx_word' id='word_1_444' title='bbox 2556 4696 2758 4735; x_wconf 86' lang='lat' dir='ltr'>xxvm.</span> <span class='ocrx_word' id='word_1_445' title='bbox 2808 4707 2891 4717; x_wconf 91' lang='lat'>—-</span> 
     </span>
     <span class='ocr_line' id='line_1_43' title="bbox 427 4754 2896 4836; baseline -0.001 -20"><span class='ocrx_word' id='word_1_446' title='bbox 427 4754 453 4792; x_wconf 75' lang='lat'>⁶</span> <span class='ocrx_word' id='word_1_447' title='bbox 482 4760 566 4816; x_wconf 89' lang='lat' dir='ltr'>Cf.</span> <span class='ocrx_word' id='word_1_448' title='bbox 603 4764 715 4817; x_wconf 93' lang='lat' dir='ltr'>Leo</span> <span class='ocrx_word' id='word_1_449' title='bbox 744 4764 1005 4829; x_wconf 81' lang='lat' dir='ltr'>Allatius,</span> <span class='ocrx_word' id='word_1_450' title='bbox 1054 4768 1122 4819; x_wconf 85' lang='lat' dir='ltr'>de</span> <span class='ocrx_word' id='word_1_451' title='bbox 1169 4768 1326 4835; x_wconf 80' lang='lat' dir='ltr'>Sym.</span> <span class='ocrx_word' id='word_1_452' title='bbox 1373 4784 1486 4821; x_wconf 79' lang='lat' dir='ltr'>scr.</span> <span class='ocrx_word' id='word_1_453' title='bbox 1534 4768 1593 4821; x_wconf 86' lang='lat' dir='ltr'>d.</span> <span class='ocrx_word' id='word_1_454' title='bbox 1638 4784 1695 4836; x_wconf 89' lang='lat' dir='ltr'>p.</span> <span class='ocrx_word' id='word_1_455' title='bbox 1731 4765 1843 4832; x_wconf 75' lang='lat'>783</span> <span class='ocrx_word' id='word_1_456' title='bbox 1878 4765 2044 4818; x_wconf 84' lang='lat' dir='ltr'>index</span> <span class='ocrx_word' id='word_1_457' title='bbox 2073 4765 2273 4819; x_wconf 85' lang='lat' dir='ltr'>Suidae</span> <span class='ocrx_word' id='word_1_458' title='bbox 2300 4762 2715 4833; x_wconf 84' lang='lat' dir='ltr'>Bernhardyani</span> <span class='ocrx_word' id='word_1_459' title='bbox 2760 4766 2804 4814; x_wconf 83' lang='lat' dir='ltr'>t.</span> <span class='ocrx_word' id='word_1_460' title='bbox 2841 4759 2896 4814; x_wconf 88' lang='lat' dir='ltr'>H</span> 
     </span>
     <span class='ocr_line' id='line_1_44' title="bbox 425 4841 2794 4926; baseline -0.003 -25"><span class='ocrx_word' id='word_1_461' title='bbox 425 4861 481 4914; x_wconf 81' lang='lat' dir='ltr'>P.</span> <span class='ocrx_word' id='word_1_462' title='bbox 510 4844 689 4900; x_wconf 83' lang='lat'>1985.</span> <span class='ocrx_word' id='word_1_463' title='bbox 718 4877 799 4886; x_wconf 91' lang='grc'><strong>-</strong></span> <span class='ocrx_word' id='word_1_464' title='bbox 830 4841 855 4878; x_wconf 78' lang='lat'>⁷</span> <span class='ocrx_word' id='word_1_465' title='bbox 886 4847 941 4901; x_wconf 91' lang='lat' dir='ltr'>S.</span> <span class='ocrx_word' id='word_1_466' title='bbox 978 4865 1037 4901; x_wconf 91' lang='lat' dir='ltr'>u.</span> <span class='ocrx_word' id='word_1_467' title='bbox 1067 4842 1128 4902; x_wconf 77' lang='grc' dir='ltr'>ἂν</span> <span class='ocrx_word' id='word_1_468' title='bbox 1152 4846 1367 4926; x_wconf 74' lang='grc' dir='ltr'>ἀμφοῖν.</span> <span class='ocrx_word' id='word_1_469' title='bbox 1393 4880 1475 4888; x_wconf 92' lang='lat'>-—</span> <span class='ocrx_word' id='word_1_470' title='bbox 1503 4843 1529 4880; x_wconf 82' lang='lat'>⁸</span> <span class='ocrx_word' id='word_1_471' title='bbox 1559 4849 1616 4904; x_wconf 91' lang='lat' dir='ltr'>S.</span> <span class='ocrx_word' id='word_1_472' title='bbox 1651 4866 1711 4902; x_wconf 90' lang='lat' dir='ltr'>u.</span> <span class='ocrx_word' id='word_1_473' title='bbox 1740 4844 2017 4920; x_wconf 69' lang='grc' dir='ltr'>ἀναίμονές</span> <span class='ocrx_word' id='word_1_474' title='bbox 2040 4853 2095 4901; x_wconf 90' lang='lat' dir='ltr'>et</span> <span class='ocrx_word' id='word_1_475' title='bbox 2115 4844 2313 4901; x_wconf 83' lang='grc' dir='ltr'>νοθεύει</span> <span class='ocrx_word' id='word_1_476' title='bbox 2335 4852 2391 4901; x_wconf 86' lang='lat' dir='ltr'>et</span> <span class='ocrx_word' id='word_1_477' title='bbox 2414 4843 2794 4920; x_wconf 74' lang='grc' dir='ltr'>δπαγορεῦσαι.</span> 
     </span>
    </p>
   </div>
  </div>
 </body>
</html>
