3650 5684
546 5474 583 5629 mvsa-⁴
548 5442 551 5445 >
514 5412 517 5413 ¹

586 5598 619 5629 Γ.

749 428 844 500 28
1093 447 1496 501 mnAcuLum
1546 448 1594 498 A
1644 446 1703 499 s,
1758 444 2111 498 mannLr.
2163 445 2417 498 cnoms
2467 446 2870 500 PATRA'rnm.
3022 427 3222 520 [316]

749 646 1073 740 γεγονότος
1108 645 1211 711 τὸν
1241 646 1351 735 μὲν
1379 641 1535 711 Θεῖον
1569 645 1692 710 τῶν
1729 640 2014 738 ἀγγέλων
2060 641 2087 679 ⁹
2122 643 2403 739 ἀρχηγὸν
2438 639 2700 738 Μιχαὴλ
2750 642 3088 712 διαπτάντα
3110 646 3221 713 τοῦ

751 762 1091 856 Ἀρχίππου
1127 758 1299 836 εὐθὺς
1333 758 1467 827 ὅθεν
1500 760 1604 825 καὶ
1628 756 2040 840 κατελήλυθεν
2074 755 2244 836 αὖθις
2284 757 2632 827 ἐπανελθεῖν
2679 766 2765 849 τῷ
2800 760 3026 854 πρώτῳ
3061 763 3216 856 φωτὶ

751 874 1116 958 πλησιάζειν
1169 877 1296 972 φῶς
1363 877 1466 941 καὶ
1534 877 1715 943 αὐτὸν
1774 872 2009 943 τέλειον
2061 873 2207 943 ὄντα
2266 874 2368 944 καὶ
2419 878 2531 956 τῆς
2585 874 2923 971 ὑπερφυοῦς
2983 880 3215 958 ἐκείνης

751 990 1082 1062 ἀπολαύειν
1115 988 1551 1084 λαμπρότητος
1579 1010 1597 1029 ·
1615 993 1720 1059 τὸν
1755 990 1821 1059 δὲ
1846 987 1955 1059 τοῦ
1982 990 2117 1059 Θεοῦ
2153 989 2216 1029 ¹⁰
2250 988 2468 1059 δοῦλον
2503 992 2852 1087 Ἄρχιππον
2890 987 2952 1071 ἐξ
2991 994 3216 1065 ἐκείνου

751 1114 837 1199 τῷ
872 1114 998 1198 ναῷ
1033 1108 1429 1200 παραμένειν,
1484 1106 1926 1201 συντονώτερόν
1972 1132 2039 1174 τε
2092 1109 2258 1197 αὐτῷ
2308 1108 2409 1174 καὶ
2445 1106 2802 1201 Θερμότερον
2854 1107 3217 1177 ἀποδιδόντα
3254 1131 3286 1180 5

749 1227 860 1304 τὰς
887 1226 1274 1319 προσευχάς.
1307 1219 1445 1289 ἀλλ’
1481 1226 1514 1290 ὃ
1551 1225 1662 1315 μὲν
1704 1224 1847 1317 περί
1887 1248 2007 1290 που
2050 1227 2127 1290 τὰ
2170 1222 2594 1315 ἑβδομήκοντα
2633 1222 2912 1314 διαβιοὺς
2959 1222 3068 1306 ἔτη
3114 1226 3218 1292 τὸν

750 1340 896 1437 τῇδε
946 1341 1080 1430 βίον
1141 1336 1465 1407 ἀπολιπὼν
1515 1341 1666 1432 πρὸς
1716 1341 1820 1407 τὸν
1868 1342 2087 1407 οἰκεῖον
2147 1341 2471 1435 ἀνατρέχει
2531 1338 2833 1421 δεσπότην
2884 1340 3091 1434 ὥσπερ
3125 1365 3220 1419 τις

752 1455 976 1552 ἀγαθὸς
1024 1458 1298 1551 γεωργὸς
1364 1458 1487 1523 τῶν
1547 1452 1752 1523 καλῶν
1821 1455 2054 1523 τούτων
2103 1459 2216 1537 τῆς
2266 1460 2487 1548 ἀρετῆς
2542 1459 2910 1550 σπερμάτων
2966 1438 3028 1496 ῙῘ
3077 1457 3220 1534 τοὺς

754 1572 1006 1664 μισθοὺς
1052 1571 1114 1610 ¹²
1147 1572 1548 1664 κομιούμενος
1575 1593 1591 1609 ·
1631 1575 1708 1639 τὰ
1743 1570 2025 1663 Θαύματα
2059 1571 2124 1639 δὲ
2168 1573 2270 1639 καὶ
2315 1573 2502 1641 εἰσέτι
2548 1569 2762 1654 βλύζει
2808 1574 2937 1650 τοῖς
2979 1576 3223 1651 πιστοῖς

752 1688 1161 1784 ἀφθονώτερον
1212 1689 1566 1782 πρεσβείαις
1618 1684 1803 1756 αὐτοῦ
1851 1690 1959 1754 τοῦ
2010 1690 2131 1754 τῶν
2193 1691 2540 1778 ἀσωμάτων
2593 1692 2875 1784 ἀρχηγοῦ
2927 1687 3212 1785 Μιχαὴλ,
3259 1710 3323 1761 ω

749 1808 964 1901 χάριτι
1005 1805 1107 1871 καὶ
1154 1800 1577 1900 φιλανθρωπίᾳ
1621 1805 1729 1871 τοῦ
1775 1805 1983 1898 κυρίου
2031 1806 2212 1896 ὴμῶν
2269 1804 2471 1885 Ἰησοῦ
2517 1804 2809 1898 Χριστοῦ,
2858 1802 2984 1896 μεθ’
3029 1807 3097 1873 οὗ
3129 1810 3220 1895 τῷ

750 1922 937 2014 πατρὶ
971 1924 1013 2001 η
1049 1916 1191 1999 δόξα
1225 1922 1356 2011 ἅμα
1390 1926 1478 2010 τῷ
1513 1921 1672 2015 ἁγίῳ
1707 1918 2009 2010 πνεύματι
2042 1917 2148 1987 νῦν
2183 1920 2285 1986 καὶ
2326 1921 2420 1987 ἀεὶ
2458 1918 2519 1959 ¹⁸
2561 1921 2663 1987 καὶ
2698 1925 2784 2000 είς
2817 1921 2959 2001 τοὺς
2995 1923 3221 1999 αἰῶνας
3357 1952 3364 1959 ·

750 2040 872 2106 τῶν
907 2041 1145 2105 αἰώνων
1166 2090 1183 2107 .
1219 2036 1411 2127 ἀμήν.

751 2284 832 2292 -..
854 2246 1252 2409 ἶέιῗχαιὶγγιέῧων
1274 2254 1457 2404 Q.Q—-
1481 2247 1534 2286 1⁰
1560 2257 1783 2330 χριστοῦ
1814 2255 1881 2320 Q.
1904 2285 1982 2294 —
2011 2248 2061 2286 ¹¹
2091 2271 2286 2329 σπερμ.
2309 2258 2407 2321 τῆς
2427 2251 2518 2331 ἀρ.
2538 2256 2611 2311 R.
2639 2285 2721 2296 -—-
2738 2249 2787 2288 ¹2
2817 2253 2906 2309 τὸν
2930 2253 3114 2328 μισθὸν
3135 2257 3209 2312 R.

750 2364 833 2385 —-
962 2353 1032 2390 κα
1118 2353 1144 2389 ε
1204 2354 1315 2391 om.
1403 2378 1416 2390 .
2769 2346 2775 2351 ⁴
