3650 5684
86 6 95 9 -
160 6 165 10 .
188 6 209 9 -
230 6 233 7 ν
276 6 311 13 ...-

222 24 229 35 ¹
296 28 315 37 ‚e

14 6 57 307 Ῐ
222 39 241 51 e

391 680 504 757 τὴν
540 676 850 767 εὐσέβειαν
876 677 1096 753 αὐτοὺς
1132 675 1380 771 ὁδηγεῖ·
1418 677 1520 743 καὶ
1555 674 1817 771 καθαρὰν
1863 673 2151 756 ἀληθείας
2191 676 2404 742 ἀκτῖνα
2449 677 2583 752 ταῖς
2617 673 2849 742 τούτων

393 463 591 556 [309]
646 403 654 410 ·
1273 481 1524 535 cHoms
1574 481 1977 534 PATRATUM.
2757 456 2844 530 21

392 797 623 890 ψυχαῖς
681 790 1037 884 ἐπιλάμψας
1096 793 1247 885 πρὸς
1303 794 1414 872 τὴν
1473 792 1658 885 Ἱερὰν
1714 789 1897 859 πόλιν
1950 792 2051 859 καὶ
2102 793 2283 868 αὐτὸς
2341 791 2698 882 μεταβαίνει
2750 791 2854 856 καὶ

392 909 693 998 Φιλίππῳ
729 906 821 1006 (1)
865 915 953 999 τῷ
1010 908 1147 997 θείῳ
1202 910 1578 1003 συγγίνεται.
1631 910 1761 975 ἐπεὶ
1809 908 1875 975 δὲ
1920 909 2209 976 τοσοῦτον
2253 912 2295 988 ὴ
2343 905 2523 985 πόλις
2568 909 2851 989 ήπάτητο

393 1026 548 1107 αὕτη
584 1027 685 1093 καὶ
720 1024 911 1102 οὕτως
947 1022 1301 1115 ὲλληνισμῷ
1344 1027 1607 1119 κάτοχος
1656 1021 1734 1105 ἦν
1779 1025 1862 1101 ὡς
1921 1025 2021 1091 καὶ
2062 1026 2133 1091 τὸ
2183 1023 2389 1117 θηρίον
2435 1026 2548 1103 τὴν
2601 1021 2850 1118 ἔχιδναν

324 1165 357 1215 5
390 1141 671 1237 ἡγεῖσθαι
705 1141 834 1210 Θεὸν
871 1142 972 1208 καὶ
1007 1140 1456 1234 ἀπαραδέκτους
1504 1139 1657 1208 εἶναι
1690 1144 2045 1207 παντάπασι
2097 1140 2257 1208 θείου
2306 1141 2534 1233 σπόρου
2590 1141 2694 1208 καὶ
2745 1142 2850 1206 τοῦ

391 1262 503 1340 τῆς
538 1260 844 1347 εὐσεβείας
878 1258 1295 1353 κηρύγματος,
1337 1257 1469 1325 ἐπεὶ
1504 1256 1662 1324 οὕτω
1708 1260 1899 1324 ταῦτα
1930 1254 2049 1354 (2),
2093 1259 2195 1323 καὶ
2229 1256 2456 1324 πείθειν
2503 1259 2625 1351 ούχ
2668 1257 2853 1324 οἱοίτε

389 1373 548 1456 ἦσαν
607 1378 665 1442 οἱ
721 1376 828 1441 τοῦ
890 1375 1152 1466 Χριστοῦ
1215 1372 1480 1465 μαθηταὶ
1530 1377 1639 1451 τὰς
1701 1373 1942 1441 ἐκείνων
1996 1374 2203 1468 ψυχὰς
2261 1370 2631 1464 μεταβαλεῖν
2705 1374 2853 1467 πρὸς

394 1492 729 1580 εὐσέβειαν,
773 1491 872 1557 ἐπὶ
906 1492 976 1557 τὸ
1012 1489 1217 1583 θηρίον
1251 1492 1561 1584 χωροῦσιν
1598 1490 1743 1581 ὅπερ
1780 1492 1985 1567 αὐτοῖς
2032 1487 2225 1557 αἴτιον
2259 1489 2336 1569 ἢν
2385 1493 2498 1569 τῆς
2550 1489 2853 1570 τοσαύτης

391 1605 628 1688 πλάνης
655 1607 756 1673 καὶ
782 1603 1117 1682 ἀπωλείας,
1159 1607 1260 1672 καὶ
1294 1609 1379 1682 είς
1406 1607 1758 1699 προσευχὴν
1794 1604 1980 1700 ἄμφω
2016 1606 2341 1698 τραπέντες
2377 1607 2478 1671 καὶ
2512 1610 2574 1672 ἐν
2608 1611 2695 1694 τῷ
2734 1604 2849 1694 θεῷ

291 1745 357 1798 ⁴0
392 1725 755 1805 ποιήσαντες
783 1722 1037 1813 δύναμιν
1055 1720 1408 1815 καθαιροῦσί
1434 1747 1500 1788 τε
1522 1722 1668 1788 αὐτὸ
1687 1722 1787 1787 καὶ
1815 1723 2021 1814 νεκρὸν
2040 1725 2429 1816 παραχρῆμα
2462 1720 2856 1815 ἐργάζονται.

392 1842 570 1907 τοῦτο
605 1840 876 1930 ἐκμαίνει
911 1837 1186 1932 σφοδρῶς
1218 1841 1371 1903 κατὰ
1406 1840 1512 1905 τοῦ
1548 1834 1872 1905 Φιλίππου
1907 1839 2010 1906 καὶ
2042 1833 2362 1932 παροξύνει
2388 1838 2530 1915 τοὺς
2561 1838 2856 1918 ἀνοήτους

395 1961 492 2023 οἷα
526 1955 601 2035 δὴ
637 1954 991 2049 καθαιρέτην
1026 1956 1208 2021 αὐτὸν
1243 1957 1355 2035 τῆς
1383 1956 1607 2032 οἰκείας
1633 1950 1810 2035 δόξης
1838 1956 1941 2021 καὶ
1968 1957 2089 2023 τῶν
2123 1957 2398 2047 πατρίων
2427 1953 2577 2022 ἐθῶν
2605 1953 2861 2049 ὀφθῆναι

394 2067 704 2151 δόξαντας,
746 2073 847 2137 καὶ
881 2072 1103 2148 πάντες
1138 2072 1228 2138 ἐπ’
1261 2072 1442 2138 αὐτὸν
1487 2070 1931 2165 συνδραμόντες
1967 2066 2060 2168 (3)
2111 2070 2377 2164 καθάπερ
2429 2071 2523 2166 ὑφ’
2561 2071 2648 2137 ὲνὶ
2684 2069 2857 2162 θυμῷ

395 2189 496 2254 καὶ
535 2192 645 2279 μιᾷ
669 2194 745 2284 τῇ
781 2183 982 2282 λύσσῃ
1019 2183 1336 2277 ἑλκόμενοι
1371 2187 1473 2253 καὶ
1509 2184 1697 2264 ἀλλος
1730 2184 2076 2281 ἀλλαχόθεν
2122 2191 2234 2267 τῆς
2281 2188 2582 2280 μακαρίας
2628 2187 2860 2268 ἐκείνης

300 2327 370 2381 ,45
404 2301 738 2395 λαβόμενοι
774 2300 1042 2398 κεφαλῆς
1078 2308 1320 2395 σταυρῷ
1354 2327 1421 2370 τε
1446 2305 1913 2396 προσαναρτῶσι
1947 2300 2040 2399 (4)
2076 2303 2177 2370 καὶ
2202 2306 2534 2398 πικρότατα
2568 2307 2679 2384 τῆς
2707 2330 2860 2395 παρ-

399 2421 585 2501 ούσης
620 2420 784 2507 ζωῆς
814 2416 1336 2489 ἀπαλλάττουσιν.
1367 2415 1502 2485 ἀλλ’
1531 2421 1561 2485 ὁ
1589 2416 1954 2496 διδάσκαλος
1982 2421 2091 2486 ούκ
2115 2416 2336 2510 η’μέλει
2353 2422 2460 2487 τοῦ
2482 2419 2755 2511 μαθητοῦ
2767 2416 2859 2516 (5)

398 2538 499 2603 καὶ
524 2539 630 2603 τοῦ
659 2532 1002 2602 ἀποστόλου
1031 2538 1062 2602 ὁ
1087 2536 1338 2626 πέμψας
1368 2537 1475 2602 οὐκ
1503 2532 1901 2615 ἐπιλέληστο,
1945 2532 2081 2600 ἀλλ’
2116 2537 2248 2602 ἐπεὶ
2274 2535 2635 2630 σύμμορφον
2675 2536 2859 2602 αὐτὸν

399 2654 557 2747 ἑώρα
606 2656 734 2728 τοῖς
771 2650 1014 2728 οἰκείοις
1065 2651 1412 2742 παθήμασι,
1456 2653 1743 2719 κοινωνὸν
1784 2652 1886 2717 καὶ
1937 2653 2049 2732 τῆς
2102 2647 2278 2732 δόξης
2332 2653 2562 2733 ἐκείνης
2598 2652 2857 2718 καὶτῶν

399 2769 720 2861 θαυμάτων
771 2770 1071 2849 πεποίητο
1112 2824 1129 2842 .
1185 2769 1285 2834 καὶ
1320 2764 1412 2863 (6)
1449 2769 1675 2835 σείεται
1731 2770 1842 2858 μὲν
1884 2771 1926 2848 ὴ
1970 2764 2149 2845 πόλις
2203 2766 2415 2860 ἀθρόον
2466 2765 2731 2860 καθάπερ
2768 2768 2860 2834 ἐπ’

297 2906 362 2959 20
396 2885 618 2953 αὐτοῦ2
638 2887 742 2952 τοῦ
760 2884 788 2922 ⁸
816 2887 965 2975 ἐμοῦ
993 2885 1257 2978 Χριστοῦ
1285 2885 1599 2977 πρότερον,
1622 2885 1722 2950 ὅτε
1747 2884 1851 2950 τὸν
1880 2884 2028 2976 ὑπὲρ
2056 2862 2235 2975 ὴμῶν
2262 2884 2363 2949 καὶ
2391 2885 2565 2961 οὗτος
2593 2885 2859 2979 ἀνῄρητο

398 3001 649 3069 θάνατον
709 3001 809 3067 καὶ
860 3002 1119 3094 σταυρὸν
1180 2996 1522 3067 ἐθελούσιον
1575 3000 1970 3092 κατακέκριτο
2007 3019 2024 3037 ·
2085 2998 2215 3077 δέος
2281 2999 2345 3066 δὲ
2396 3001 2496 3066 καὶ
2569 3002 2860 3091 μετάνοια

397 3115 702 3208 λαμβάνει
759 3117 902 3194 τοὺς
968 3118 1261 3197 ἀνοήτους
1320 3115 1348 3153 ⁴¹
1403 3118 1672 3210 ἰσχυρῶς
1723 3142 1791 3182 τε
1835 3117 2034 3183 αὐτῶν
2082 3113 2441 3197 πλήττουσα
2490 3119 2599 3194 τὰς
2653 3118 2860 3211 ψυχὰς

399 3236 500 3300 καὶ
543 3233 919 3328 συγγνώμην
971 3232 1266 3300 αἰτεῖσθαι
1316 3231 1607 3300 πείθουσα
1667 3236 1779 3312 τῆς
1836 3231 1966 3298 κατ’
2027 3234 2212 3299 αὐτοῦ
2272 3230 2701 3327 χαλεπότητος
2755 3232 2857 3298 καὶ

402 3348 856 3442 ἀπανθρωπίας.

400 3654 477 3667 -—
520 3618 547 3656 ²
588 3621 744 3690 ἀΙτοῦ
764 3622 827 3697 (2)
870 3625 943 3688 R,
993 3618 1156 3676 αὐτοῦ
1197 3641 1248 3678 r.
1287 3655 1364 3665 —
1401 3618 1429 3657 ⁸
1470 3642 1578 3683 om.
1614 3626 1686 3681 R.
1723 3655 1804 3667 -—
1844 3619 1873 3657 ⁴
1906 3618 2168 3685 ὶοοδαίους
2204 3625 2344 3691 PQ;
2401 3627 2509 3696 cfr.
2561 3623 2630 3679 11
2665 3643 2679 3692 3
2735 3632 2862 3679 acta

398 3707 557 3766 Pha.
582 3707 681 3773 32,
709 3725 767 3778 p.
797 3706 874 3762 89
904 3706 1193 3797 resonem.

486 3929 559 4005 (1)
585 3930 701 3987 cfr.
728 3935 843 3986 vita
863 3932 1024 3990 Phil.
1054 3950 1146 4003 ap.
1175 3950 1232 4004 p.
1269 3932 1382 3988 193
1406 3934 1455 3988 A
1486 3929 1598 3987 ἐπεὶ
1621 3927 1822 3997 ξοάνοις
1853 3927 1954 3987 εἶδε
1982 3929 2180 3999 ταύτην
2203 3921 2564 4005 (ΗίθΓοΡοΙὶω
2593 3930 2745 4007 dicit)
2772 3932 2863 3987 καὶ

402 4016 509 4068 τῶν
531 4008 873 4087 ἐμπηστικῶν
890 4013 1018 4089 (scr.
1037 4013 1385 4092 ἑρπηστικῶν)
1407 4019 1520 4076 τοῖς
1539 4011 1792 4090 ἷοβόλοις,
1812 4010 1991 4093 ἐχίδνῃ
2013 4016 2111 4070 τινὶ
2132 4011 2420 4093 τερατώδει
2441 4015 2505 4070 τὸ
2531 4010 2691 4089 σέβας
2712 4008 2861 4088 οἴμοι

403 4094 824 4173 προσνέμουσαν,
839 4092 989 4169 ζήλῳ
1012 4096 1137 4169 θείῳ
1160 4097 1254 4164 τὴν
1279 4099 1351 4171 ψυ
1396 4097 1458 4165 ὴν
1480 4096 1928 4175 καταπίμπραται
1953 4099 2044 4154 καὶ
2064 4097 2449 4175 συντονώτερον
2476 4095 2859 4175 προσκείμενος

403 4184 517 4240 ταῖς
558 4177 738 4257 εὐχαῖς
766 4185 835 4254 τῇ
864 4184 960 4236 τοῦ
987 4177 1219 4257 Χριστοῦ·
1264 4118 1536 4249 ἐπιέλήσει
1577 4180 1672 4248 τὴν
1715 4177 1954 4257 ὀλεθρίαν
1982 4178 2178 4248 ταύτην
2217 4183 2308 4237 καὶ
2335 4177 2557 4243 πολλοῖς
2587 4176 2859 4242 ἀπωλείας

402 4261 685 4339 γενομένην
715 4261 881 4318 αἰτίαν
903 4264 1090 4340 νεκρὰν
1119 4261 1309 4319 αὐτίκα
1332 4258 1567 4323 δεικνύει.
1598 4296 1679 4306 -
1699 4262 1776 4341 (2)
1809 4264 1926 4321 cfr.
1959 4269 2056 4322 vit.
2085 4265 2290 4321 Matth.
2325 4283 2383 4336 p.
2415 4264 2533 4320 817
2556 4266 2605 4320 A
2637 4260 2750 4319 ἐπεὶ
2774 4261 2864 4319 οῦν
2963 4250 2977 4265 ’

403 4343 545 4401 οὕτω
569 4347 864 4422 ταῦτα,καὶ
884 4346 936 4401 οἱ
959 4346 1190 4420 μαθηταὶ
1217 4347 1312 4408 τὰς
1341 4345 1530 4426 χώρας
1560 4342 1828 4422 διέλαβον,
1846 4345 1968 4402 τότε
1990 4343 2112 4405 κτλ.
2137 4364 2153 4422 3
2180 4352 2278 4403 vit.
2295 4347 2577 4418 Euphra&
2606 4366 2664 4419 p.
2684 4347 2865 4403 317A

404 4425 519 4483 ἐπεὶ
557 4434 725 4483 ταῦτα
755 4426 927 4491 οὕτως
957 4427 1243 4504 [συνέβαινε
1265 4430 1492 4501 legitur,
1526 4430 1664 4485 mihi
1694 4429 2057 4503 suspectumJ,
2077 4430 2229 4508 φησὶν
2253 4425 2375 4486 κτλ.
2403 4462 2487 4473 ---
2513 4428 2587 4505 (3)
2612 4430 2726 4490 Gfr.
2756 4436 2857 4485 vit.

403 4512 565 4568 Phil.
600 4530 693 4583 ap.
723 4530 778 4583 p.
814 4513 926 4569 196
957 4514 1027 4568 A.
1063 4545 1143 4555 —
1186 4512 1264 4589 (4)
1295 4515 1411 4570 cfr.
1446 4519 1546 4571 vit.
1580 4513 1743 4570 Phil.
1790 4532 1885 4584 ap.
1938 4513 2050 4570 196
2097 4516 2164 4569 B.
2201 4545 2279 4555 —
2310 4512 2386 4589 (5)
2418 4513 2533 4570 cfr.
2563 4514 2632 4568 de
2660 4514 2866 4569 Thecla

403 4613 460 4667 p.
484 4594 601 4651 837
618 4596 669 4650 A
684 4592 798 4650 ἐπεὶ
821 4591 955 4668 μηδὲ
977 4591 1166 4668 ἠμέλει
1188 4592 1404 4663 Θέκλης
1427 4594 1687 4674 Χριστόςς
1717 4606 2079 4652 commentar.
2108 4599 2175 4652 de
2197 4597 2360 4655 Phil.
2384 4595 2524 4672 (cod.
2555 4598 2688 4652 Par.
2708 4596 2860 4652 1551

404 4679 444 4732 f.
474 4676 599 4753 72v)
625 4673 744 4731 ἀλλ’
765 4676 796 4732 ὁ
819 4673 1132 4739 διδάσκαλος
1162 4676 1264 4734 οὐκ
1293 4676 1480 4753 ἠμέλει
1515 4684 1623 4736 τῶν
1655 4679 1910 4754 μαθητῶν
1953 4680 2043 4735 καὶ
2084 4685 2190 4736 τῶν
2239 4675 2554 4735 ἀποστόλων
2585 4677 2617 4733 ὁ
2645 4676 2866 4751 πέμψας

404 4758 504 4828 οὐκ
560 4756 920 4829 ἐπιλέλησται.
980 4762 1118 4817 haec
1175 4781 1206 4817 e
1252 4765 1628 4837 Metaphrasta
1678 4764 1954 4837 descripta
1997 4769 2152 4836 puto,
2190 4795 2270 4805 —-
2312 4762 2390 4839 (6)
2421 4763 2536 4820 Cir.
2564 4766 2662 4818 vit.
2697 4762 2862 4818 Phil.
