3650 5684
744 441 840 515 ΞΟ
1482 463 1886 517 MfflAcuLUM
1936 464 1984 515 A
2034 464 2094 515 s.
2147 460 2496 514 MmHAELE
3004 439 3203 531 [308]

1743 751 2107 850 Διήγησις
2172 755 2194 793 ¹

795 875 966 967 περὶ
1015 853 1146 941 τοῧ
1197 873 1598 969 γενομένου
1651 871 2026 963 θαύματος
2085 875 2281 966 παρὰ
2330 873 2459 938 τοῦ
2513 872 3151 967 ἀρχιστρατήγου
3207 932 3213 939 .

1498 985 1809 1083 Μιχαὴλ
1853 988 1878 1026 ²
1930 993 2005 1057 ἐν
2057 985 2358 1066 Χώναις
2400 988 2449 1060 ³.

831 1222 922 1295 A'.
950 1262 1047 1273 —
1081 1222 1197 1288 Καὶ
1229 1222 1298 1288 τὸ
1331 1221 1470 1313 περὶ
1504 1222 1626 1288 τῶν
1652 1218 1859 1287 ἄλλων
1886 1218 1978 1317 (1)
2014 1222 2207 1316 ἁγίων
2243 1215 2525 1299 διεξιέναι
2559 1220 2661 1286 καὶ
2697 1219 2799 1286 διὰ
2835 1220 3086 1311 μνήμης
3122 1222 3201 1285 τὰ

743 1340 983 1406 ἐκείνων
1009 1340 1205 1405 ποιεῖν
1224 1334 1291 1404 οὐ
1312 1333 1581 1431 θεοφιλὲς
1602 1338 1784 1428 μόνον
1804 1334 1967 1403 ἀλλὰ
1992 1339 2093 1403 καὶ
2118 1339 2271 1428 ἡμῖν
2298 1333 2613 1413 λυσιτελὲς
2632 1337 2733 1402 καὶ
2754 1333 3063 1430 ὠφέλιμον
3076 1332 3199 1431 (2)·
3238 1352 3274 1402 5

745 1454 963 1545 μνήμη
988 1456 1107 1547 γὰρ
1134 1455 1378 1530 πάντως
1404 1452 1594 1519 πόθου
1622 1450 1965 1543 σύμβολον,
2002 1452 2321 1547 μαρτύρων
2358 1452 2421 1519 δὲ
2473 1453 2574 1518 καὶ
2611 1454 2795 1519 ὁσίων
2830 1451 3014 1527 πόθος
3050 1452 3202 1544 πρὸς

743 1572 924 1637 αὐτὸν
961 1567 1085 1638 οἶδε
1121 1569 1453 1658 διαβαίνειν
1488 1570 1592 1636 τὸν
1631 1569 1830 1636 κοινὸν
1874 1571 2157 1636 ἁπάντων
2180 1568 2202 1606 ¹
2238 1568 2540 1648 δεσπότην
2563 1568 2588 1606 2
2617 1571 2682 1635 ὃν
2712 1554 2926 1636 ἐκεῖνοι
2955 1562 3205 1646 δοξάσαι

742 1682 1097 1778 προείλοντο
1144 1685 1247 1749 καὶ
1284 1683 1424 1776 παρ’
1463 1685 1531 1749 οὗ
1577 1683 1853 1773 μείζονος
1890 1680 2078 1751 πάλιν
2117 1687 2227 1764 τῆς
2276 1680 2454 1765 δόξης
2496 1683 2523 1720 ³
2572 1682 2791 1778 ἔτυχον
2822 1739 2837 1754 .
2888 1685 2958 1750 τὸ
3004 1682 3068 1749 δὲ
3102 1684 3204 1748 καὶ

740 1802 881 1895 περὶ
933 1803 1056 1868 τῶν
1109 1802 1450 1891 ἀσωμάτων
1517 1795 1814 1877 ἐπεξιέναι
1869 1799 2181 1891 δυνάμεων
2249 1801 2349 1866 καὶ
2423 1799 2783 1891 θεοσημείας
2843 1801 3043 1866 αὐτῶν
3101 1799 3205 1864 καὶ

741 1916 1030 2011 τεροίστια
1054 1912 1498 2010 καταγγέλλειν
1532 1916 1634 1981 καὶ
1667 1912 1807 1982 λίαν
1844 1912 2309 2009 ὠφελιμώτερον
2335 1937 2352 1953 ·
2392 1917 2514 2005 ὅσῳ
2551 1920 2669 2012 γὰρ
2716 1912 2947 1982 πλείων
2990 1917 3204 1991 αὐταῖς
3243 1931 3307 1981 ⁴0

742 2036 784 2115 ὴ
817 2035 968 2126 πρὸς
993 2033 1098 2099 τὸν
1133 2031 1262 2099 θεὸν
1299 2032 1598 2107 οίκείωσίς
1633 2057 1699 2097 τε
1733 2032 1836 2097 καὶ
1869 2035 2203 2125 παρρησία,
2236 2022 2507 2122 τοσούτῳ
2536 2034 2637 2098 καὶ
2668 2032 2916 2123 μείζονα
2942 2030 3206 2124 καρπού-

748 2148 902 2244 ’μεθα
935 2150 1047 2228 τὴν
1075 2144 1372 2242 ὠφέλειαν
1399 2151 1460 2214 ἐν
1487 2150 1614 2223 τοῖς
1641 2148 1781 2240 περὶ
1816 2149 2016 2214 αὐτῶν
2044 2147 2419 2242 διηγήμασιν
2448 2203 2462 2217 .
2497 2151 2745 2242 ἀρκτέον
2774 2146 2866 2244 (3)
2893 2147 2958 2214 δὲ
2988 2148 3202 2239 μικρὸν

744 2256 969 2332 ἀνωθεν
995 2265 1430 2332 ’ἐπικοινωνεῖ
1445 2266 1561 2357 γὰρ
1591 2261 1836 2331 κάκεῖνα
1869 2269 1945 2360 τῇ
1983 2260 2306 2350 ἀκολουθίᾳ
2348 2263 2376 2301 ⁴·
2409 2267 2521 2345 τῆς
2558 2263 2920 2341 ὑποθέσεως.

842 2380 930 2452 Β’.
967 2378 1227 2472 -όίρτι
1261 2376 1353 2476 (4)
1387 2381 1509 2445 τῶν
1557 2382 1662 2445 τοῦ
1711 2379 1976 2472 Χριστοῦ
2027 2378 2314 2471 μαθητῶν
2364 2381 2465 2446 καὶ
2510 2381 2836 2475 ὑπουργῶν
2888 2382 3052 2470 αὐτῷ
3093 2381 3201 2446 τοῦ

745 2493 1103 2591 εὐαγγελίου
1129 2497 1235 2561 καὶ
1268 2498 1379 2575 τῆς
1415 2497 1720 2587 σωτηρίας
1756 2494 2048 2562 διακόνων
2083 2499 2194 2575 τῆς
2221 2497 2523 2588 ὴμετέρας
2557 2500 2666 2573 τὰς
2693 2493 2904 2572 πόλεις
2939 2497 3201 2588 περιιόν·
3242 2511 3305 2560 ⁴5

743 2637 864 2679 των
899 2612 1000 2678 καὶ
1036 2610 1510 2704 διασπειρόντων
1544 2613 1615 2677 τὸ
1664 2611 1953 2704 κήρυγμα
2004 2612 2106 2677 καὶ
2135 2609 2421 2689 ,πολλοὺς
2474 2614 2870 2707 ἐπαγομένων
2904 2614 3055 2704 πρὸς
3089 2614 3201 2691 τὴν

744 2728 1074 2820 ἐπίγνωσιν
1111 2729 1142 2793 ὁ
1180 2729 1289 2817 μὲν
1317 2723 1758 2820 εὖαγγελιστὴς
1785 2726 2068 2807 Ἰωάννης
2096 2727 2196 2792 καὶ
2227 2724 2537 2821 θεολόγος,
2573 2734 2621 2816 ᾧ
2656 2728 2758 2794 καὶ
2796 2725 3047 2795 πλείονα
3080 2730 3225 2806 τῶν,

743 2839 951 2910 ἀλλων
987 2839 1222 2923 δηλαδὴ
1263 2841 1550 2933 μαθητῶν
1588 2841 1612 2879 ¹
1649 2845 1950 2935 μαρτυρεῖ
1977 2845 2142 2934 παρὰ
2192 2848 2279 2932 τῷ
2335 2841 2680 2933 διδασκάλῳ
2731 2846 2923 2937 ῥοπὴν
2970 2845 3201 2919 εὐνοίας

743 2959 811 3025 τὸ
863 2940 1245 3053 εὐαγγέλιον,
1304 2964 1381 3055 τῇ
1431 2958 1726 3052 Ἐφεσίων
1789 2957 2101 3049 ἐπιδημεῖ,
2154 2957 2472 3037 Φίλιππος
2522 2959 2585 3026 δὲ
2635 2961 2748 3040 τὴν
2799 2961 2984 3053 Ἱερὰν
3018 2957 3199 3025 πόλιν

743 3071 1244 3164 καταλαμβάνει.
1282 3076 1313 3140 ὁ
1365 3074 1567 3141 τοίνυν
1601 3075 1884 3154 Ἰωάννης
1929 3074 2047 3140 ὑπὸ
2103 3073 2317 3163 βαθείᾳ
2372 3069 2484 3155 τῆς
2536 3078 2821 3153 ἀπιστίας
2854 3077 3025 3144 νυκτὶ
3058 3076 3200 3152 τοὺς
3235 3089 3304 3141 20

743 3187 1058 3285 Ἐιρεσίους
1092 3187 1596 3280 πεπλανημένους
1632 3189 1847 3282 εὑρών,
1891 3189 2100 3267 θυσίας
2134 3215 2200 3257 τε
2234 3191 2334 3257 καὶ
2360 3192 2732 3287 πανηγύρεις
2773 3189 3197 3269 ἐπιτελοῦντας

743 3306 843 3373 καὶ
878 3307 991 3374 ὅσα
1027 3305 1141 3396 θεῷ
1184 3307 1600 3400 προσέχοντας
1641 3311 1716 3402 τῇ
1754 3305 2079 3398 Ἀρτέμιδι,
2128 3312 2215 3395 τῷ
2251 3310 2365 3388 τῆς
2399 3305 2791 3405 διδασκαλίας
2845 3309 3001 3404 φωτὶ
3050 3308 3201 3400 πρὸς

825 3550 871 3604 Ρ
903 3574 966 3593 =
1004 3548 1126 3602 eod.
1163 3547 1344 3603 Paris,
1381 3564 1468 3617 gr.
1512 3546 1692 3611 1492,
1727 3563 1872 3601 saec.
1908 3547 2011 3611 XI,
2045 3548 2142 3602 fol.
2181 3547 2302 3603 47r.

826 3632 872 3697 Q
905 3657 967 3675 =
1005 3632 1126 3686 cod.
1163 3630 1345 3686 PariS.
1382 3647 1471 3700 gr.
1513 3628 1693 3694 1515,
1730 3636 1874 3683 saec,
1910 3630 2012 3693 XI,
2047 3630 2144 3684 fol.
2182 3631 2287 3686 20v
2317 3628 2373 3704 (q
2400 3658 2479 3677 =
2508 3634 2684 3687 altera
2710 3632 2945 3709 manus).

825 3714 876 3770 R
907 3740 969 3758 =
1008 3714 1129 3768 cod.
1168 3714 1347 3768 Paris,
1384 3729 1472 3783 gr.
1515 3712 1694 3776 1489,
1730 3729 1876 3767 saec.
1910 3712 1993 3767 XI
2022 3718 2117 3767 aut
2144 3713 2273 3778 XII,
2308 3715 2403 3773 fol.
2436 3715 2538 3770 50r
2569 3713 2617 3789 (r
2646 3742 2724 3762 =
2755 3718 2930 3771 altera
2957 3716 3191 3791 manus).

825 3889 932 3944 Tit.
960 3918 1041 3930 -—
1074 3882 1096 3920 ¹
1128 3885 1476 3962 μερικὴαάἀ.
1514 3887 1582 3952 Q.
1603 3879 1724 3926 ——2
1751 3884 1899 3961 παρὰ
1927 3890 2022 3940 τοῦ
2051 3881 2364 3951 πανενδόξου
2398 3884 2604 3965 μιχαὴλ
2633 3892 2729 3944 τοῦ
2757 3887 3196 3968 ἀρχιστρατήγου

742 3972 809 4037 Q.
845 4002 925 4011 —
953 3964 980 4003 ³
1010 3967 1156 4044 κύριε
1179 3964 1468 4043 εὐλόγησαν
1497 3971 1630 4026 add.
1662 3970 1727 4024 P.

823 4047 911 4110 A'.
954 4083 1035 4092 -—
1075 4048 1097 4086 1
1138 4071 1244 4112 om.
1291 4053 1336 4106 P
1388 4054 1517 4122 (cfr.
1557 4069 1752 4110 comm.
1783 4053 1852 4106 de
1891 4055 2114 4108 Joann.
2156 4071 2377 4123 evany„
2420 4073 2484 4125 p.
2521 4057 2621 4109 704
2644 4058 2719 4122 B,
2775 4060 2854 4127 τῷ
2896 4054 3004 4110 τῶν
3057 4050 3200 4109 ὅλων

740 4133 1026 4190 οἷκειοῦται
1074 4130 1344 4210 δεσπότῃ).
1377 4165 1455 4176 -
1485 4128 1511 4166 2
1540 4134 1630 4188 τὸν
1659 4134 1831 4189 κοινὸν
1883 4130 2026 4210 διαβ.
2076 4130 2227 4194 δεσπ.
2263 4138 2329 4191 Ρ.
2367 4169 2447 4176 -
2475 4132 2502 4170 3
2527 4139 2639 4213 (τῆς
2670 4129 2845 4212 δόξης)
2875 4157 2986 4197 om.
3011 4140 3080 4194 P.
3118 4170 3199 4178 —

738 4212 768 4251 ⁴
789 4213 1028 4283 ἀληθείαι
1057 4220 1124 4285 Q.

825 4295 913 4359 B'.
946 4333 1028 4342 —-
1059 4296 1083 4334 1
1107 4299 1237 4374 μαθ.
1270 4295 1392 4368 δηλ.
1430 4303 1498 4368 Q.

730 4522 735 4527 ·
820 4501 897 4577 (1)
928 4501 1043 4558 Cfr.
1072 4505 1167 4559 vit.
1196 4502 1464 4572 Euthym.
1494 4520 1551 4573 p.
1588 4501 1706 4557 596
1730 4504 1781 4558 A
1803 4502 1893 4556 καὶ
1921 4501 2118 4561 παντὸς
2149 4499 2241 4572 μὲν
2271 4495 2437 4554 όίλλου
2480 4499 2879 4576 πράγματος...
2913 4499 3106 4576 πολλῷ
3138 4500 3194 4558 δὲ
3226 4570 3236 4580 .

742 4581 944 4657 μᾶλλον
967 4579 1088 4644 κτλ.
1107 4616 1188 4625 -—
1210 4582 1286 4658 (2)
1316 4589 1412 4642 vit.
1441 4586 1642 4655 Pelay.
1672 4603 1728 4657 p.
1766 4587 1886 4641 907
1918 4587 1961 4638 D
1987 4584 2135 4658 (libri
2151 4583 2387 4658 initium)
2411 4583 2705 4658 γυναικείαν
2736 4584 2926 4661 ἀρετὴν
3065 4594 3198 4644 πᾶσι

738 4660 968 4731 διεξιέναι
997 4663 1261 4728 λυσιτελὲς
1290 4668 1380 4722 καὶ
1409 4663 1696 4745 ὠφέλιμον,
1721 4669 1810 4722 καὶ
1832 4665 2073 4737 τοσούτῳ
2101 4661 2303 4738 μᾶλλον
2327 4661 2447 4723 κτλ.
2475 4699 2555 4708 -—
2578 4666 2654 4742 (3)
2680 4668 2794 4723 Cer.
2815 4675 2910 4728 vit.
2926 4672 3196 4742 Euthym.
3295 4712 3300 4716 -

736 4770 793 4824 p.
847 4751 966 4807 597
996 4752 1042 4806 A
1089 4746 1317 4826 ἀρκτέον
1332 4746 1433 4818 ἤδη
1461 4771 1648 4823 μοι
1685 4746 1902 4806 ἄνωθεν.
1938 4781 2018 4790 -—
2048 4748 2122 4824 (4)
2155 4749 2270 4804 Cfr.
2305 4754 2401 4808 vit.
2430 4751 2697 4822 Euthym.
2728 4770 2784 4823 p.
2834 4752 2954 4809 597
2986 4756 3035 4810 A
3078 4751 3199 4831 ἄρτι

736 4838 834 4889 τοῦ
863 4829 1148 4908 δυσσεβοῦς
1176 4828 1462 4888 Ἰοῠλιανοΰ
1593 4833 1689 4902 τὴν
1721 4832 1864 4900 ζωὴν
1894 4829 2372 4909 καταστρέψαντος.
