3650 5684
737 480 864 532 xlv
1800 480 2030 532 CAPVT
2081 480 2132 531 11

741 670 796 749 1,
818 671 855 735 7
886 691 973 735 ss,
1002 690 1152 736 cum
1178 671 1279 736 his
1307 671 1547 737 Sisinni
1568 671 1786 736 uerbis
1828 672 1893 756 (ἕ
1933 671 2001 755 3)
2045 671 2282 753 quibus
2313 671 2642 736 antecedit
2671 670 3012 739 exordium
3042 669 3202 735 satis

737 769 1090 835 uerbosum
1119 792 1136 835 Ξ
1180 771 1299 830 ἀλλ’
1327 773 1551 853 ἀρκτέον
1597 773 1715 830 δ’θεν
1762 775 1796 842 ἡ
1845 779 1946 830 τοῦ
1994 772 2339 853 κηρύγματος
2388 773 2547 854 χάρις
2600 771 2685 829 διὰ
2726 780 2835 830 τῶν
2879 770 3198 828 ἀποστόλων

733 866 1010 926 Φιλίππου
1038 873 1128 926 καὶ
1154 868 1401 927 Ἰωάννου
1426 878 1538 934 τοῖς
1565 878 1722 927 πᾶσιν
1750 867 1914 927 ἔθνεσι
1943 866 2149 938 διεδόθη
2167 885 2181 901 ·
2212 873 2303 926 καὶ
2329 872 2434 948 γὰρ
2464 869 2659 926 ἐκεῖθεν
2689 870 2736 937 ἡ
2766 875 2873 926 τῶν
2903 869 3202 943 θαυμάτων

696 994 701 999 ·
738 968 882 1049 ἀρχὴ
905 968 1167 1047 πρόεισιν·
1192 968 1305 1025 ἐπεὶ
1331 972 1422 1025 καὶ
1448 977 1544 1038 τῆς
1570 968 1780 1025 ἐκείνων
1807 968 2239 1047 θαυματουργίας
2266 961 2436 1048 φύλαξ
2465 969 2496 1025 ὁ
2522 966 2687 1047 μέγας
2718 974 2817 1025 τοῦ
2844 969 2967 1024 θεοῦ
2990 967 3200 1044 γέγονεν

739 1065 1165 1145 ἀρχιστράτηγος
1188 1066 1307 1129 κτλ.
1326 1086 1344 1145 3
1363 1084 1510 1130 cum
1531 1064 1597 1142 2,·
1611 1064 1653 1128 9
1673 1084 1762 1129 ss.
1789 1064 1953 1129 haec
1979 1065 2043 1148 (ἕ
2066 1063 2161 1147 4);
2184 1064 2446 1130 πολλάκις
2469 1064 2527 1124 δὲ
2551 1064 2830 1123 Φιλίππου
2853 1072 2950 1124 τοῦ
2973 1064 3204 1123 ἀποστό-
3327 1100 3332 1105 ·

742 1162 840 1223 λου
880 1173 978 1223 τοῦ
1025 1166 1078 1223 ἐν
1129 1165 1430 1246 Ἱεραπόλει
1470 1174 1904 1248 προσφοιτῶντος
1951 1166 2099 1242 αὐτῷ
2148 1170 2218 1224 τὰ
2269 1169 2381 1225 θεῖα
2419 1165 2758 1232 διδάσκοντος
2800 1170 2892 1224 καὶ
2932 1167 3202 1228 πείθοντος

743 1263 966 1345 ἀφέντας
991 1267 1055 1322 τὸ
1078 1265 1164 1323 ἐπὶ
1188 1268 1429 1343 ματαίοις
1457 1265 1809 1344 ὀνειροπολεῖν
1840 1269 1911 1330 εἰς
1943 1266 2218 1345 ἐπίγνωσιν
2245 1266 2483 1346 γενέσθαι
2505 1269 2653 1341 θεοῦ,
2673 1260 2891 1332 ἐξελθεῖν
2922 1265 3082 1322 αὐτὸν
3103 1272 3202 1333 τῆς

741 1362 954 1428 πόλεως
972 1367 1093 1443 πρὶν
1123 1372 1306 1429 κακῶς
1329 1364 1620 1423 ἀπολέσθαι
1648 1363 1733 1422 διὰ
1759 1374 1859 1435 τῆς
1890 1363 2098 1446 ἐχίδνης
2139 1365 2217 1448 (οἱ
2262 1363 2532 1444 δαίμονες)
2562 1367 2741 1445 φωνὴν
2772 1363 3005 1444 ἀφιέντες
3034 1385 3203 1443 πρου-

740 1461 998 1540 τρέποντο
1021 1481 1036 1496 ·
1071 1461 1210 1520 ἀλλὰ
1238 1464 1361 1521 τότε
1385 1465 1478 1539 μὲν
1506 1471 1613 1520 τῶν
1642 1461 1907 1538 δαιμόνων
1936 1471 2003 1540 τῇ
2038 1471 2145 1520 τῶν
2184 1462 2501 1521 ἀποστόλων
2537 1471 2817 1544 προσευχῇ
2855 1473 2953 1531 τῆς
2990 1459 3202 1524 πόλεως

739 1558 1106 1618 ἀπελαθέντων
1156 1563 1206 1619 οἱ
1274 1570 1342 1639 τῇ
1394 1561 1570 1637 πλάνη
1626 1560 1963 1626 δουλεύοντες
2020 1564 2156 1640 πρὸς
2235 1563 2531 1639 θεοσέβειαν
2591 1556 2967 1638 μετετάξαντο.
3030 1576 3202 1641 quae

740 1661 1101 1740 sequuntur
1129 1658 1447 1723 Sisinnius
1489 1660 1554 1743 (ἓ
1591 1660 1657 1741 5)
1701 1679 1784 1722 ne
1836 1658 2230 1723 intellexisse
2283 1659 2550 1741 quidem
2584 1659 2862 1736 uidetur,
2916 1657 3028 1742 qui
3070 1676 3203 1721 non

740 1755 1032 1820 futurum
1059 1756 1442 1822 miraculum
1485 1759 1571 1821 ab
1612 1758 1929 1839 apostolis
1958 1758 2365 1839 praedictum
2409 1758 2524 1822 sed
2572 1758 2816 1822 fontem
2849 1757 3203 1821 salutarem

742 1873 967 1918 eorum
986 1855 1165 1920 iussu
1187 1858 1547 1920 scatentem
1578 1860 1774 1938 caput
1801 1856 1894 1920 rei
1926 1860 2132 1938 putet.
2163 1856 2320 1921 item
2344 1857 2380 1939 ἓ
2404 1857 2445 1920 8
2466 1856 2873 1921 subobscura
2901 1855 3009 1919 illa
3032 1874 3202 1938 quae

743 1971 1105 2037 anonymus
1126 1956 1184 2032 5,
1208 1955 1248 2018 9
1277 1974 1361 2018 ss‚
1385 1954 1468 2019 de
1497 1955 1808 2037 Archippi
1842 1960 2056 2020 aetate
2086 1955 2393 2038 proponit
2417 1956 2508 2020 sic
2531 1956 3026 2036 interpretatur:
3048 1958 3203 2020 οὗτος

744 2053 951 2111 ἐπειδὰν
998 2057 1133 2133 πρὸς
1191 2056 1382 2133 μέτρον
1430 2059 1530 2125 ἧκε
1579 2067 1674 2125 τῆς
1711 2056 2046 2126 τελειότητος
2095 2064 2348 2114 τοσοῦτον
2380 2066 2478 2126 τῆς
2536 2057 2813 2125 ἀσκήσεως
2857 2053 3033 2135 εἴχετο
3064 2056 3202 2111 ὥστε

741 2151 907 2232 ἄρτου
927 2152 962 2222 ἢ
992 2150 1133 2209 οἴνου
1161 2152 1196 2222 ἢ
1226 2161 1335 2210 τῶν
1378 2152 1559 2211 ἀλλων
1600 2152 1877 2231 ἐδωδίμων
1908 2152 2093 2212 ἔκτοτε
2122 2157 2195 2231 μὴ
2244 2152 2562 2231 μεταλαβεῖν
2581 2173 2595 2187 ·
2631 2157 2722 2210 καὶ
2765 2153 2907 2210 οὕτω
2937 2151 3202 2231 διήνεγκεν

740 2250 827 2308 ἐπὶ
847 2251 1059 2330 χρόνοις
1080 2246 1360 2321 ἑξήκοντα.
1392 2250 1544 2314 hinc
1593 2251 1739 2332 quis
1791 2269 2038 2333 quaeso
2069 2268 2149 2315 ea
2200 2250 2490 2315 elicuerit
2519 2269 2690 2332 quae
2734 2250 2914 2331 apud
2952 2268 3201 2331 anony-

737 2366 918 2412 mum
949 2347 1259 2430 legimus?
1280 2368 1417 2412 non
1448 2350 1547 2413 est
1588 2349 1765 2431 quod
1798 2349 1970 2413 ultra
1997 2349 2513 2431 progrediamur,
2535 2368 2689 2412 nam
2722 2349 2787 2411 in
2816 2348 2946 2411 fine
2988 2348 3202 2429 operis

738 2446 915 2529 quod
963 2447 1279 2511 nonnulla
1325 2447 1408 2511 de
1452 2448 1782 2530 Archippo
1819 2453 1886 2512 et
1949 2449 2273 2531 quasdam
2330 2448 2822 2513 adhortationes
2879 2446 3199 2511 Sisinnius

738 2543 994 2622 adiecit,
1047 2546 1114 2610 id
1155 2550 1296 2611 tam
1353 2548 1444 2611 rei
1475 2550 1700 2628 aptum
1746 2566 1822 2611 ac
1875 2566 2084 2630 paene
2142 2548 2584 2613 necessarium
2631 2551 2792 2622 erat,
2811 2549 2885 2610 ut
2933 2545 3200 2610 minime

737 2647 1039 2726 oporteat
1061 2665 1097 2708 e
1127 2645 1346 2710 codice
1370 2646 1622 2727 generis
1645 2645 1814 2722 QCD
1840 2666 1918 2710 ea
1941 2647 2291 2728 desumpta
2315 2647 2635 2710 arbitrari.
2665 2645 2783 2709 sed
2804 2646 3201 2726 ubicumque

741 2743 970 2806 ambos
1011 2743 1210 2807 libros
1254 2744 1424 2807 inter
1473 2764 1543 2808 se
1594 2745 1892 2809 conferas
1935 2746 2139 2809 uerba
2162 2746 2489 2827 quaedam
2520 2744 2777 2826 utrique
2830 2742 3203 2808 communia

737 2840 1051 2919 inueniaS,
1118 2862 1288 2924 quae
1359 2843 1410 2906 si
1483 2841 1801 2907 Sisinnius
1873 2843 2051 2924 apud
2137 2861 2536 2925 anonymum
2601 2843 2845 2924 legerat
2898 2841 3207 2906 artificio-

735 2938 825 3004 sis
865 2941 1002 3004 eius
1052 2942 1349 3006 sensibus
1407 2941 1648 3005 includi
1705 2946 2217 3006 consentaneum
2256 2946 2414 3019 erat,
2445 2942 2531 3006 ab
2571 2961 2899 3025 anonymo
2941 2960 3021 3004 ex
3081 2939 3203 3004 illis

736 3040 974 3104 selecta
1005 3043 1070 3104 et
1090 3040 1156 3103 in
1185 3041 1434 3104 nudum
1466 3040 1601 3103 eius
1632 3061 1709 3105 ac
1737 3041 1970 3105 rudem
2001 3060 2370 3105 sermonem
2401 3041 2492 3105 ibi
2522 3041 2933 3123 potissimum
2956 3039 3070 3103 ubi
3098 3059 3204 3102 res

736 3138 882 3221 ipsa
909 3140 1223 3220 poscebat
1262 3140 1507 3203 inserta
1551 3159 1692 3203 esse
1734 3160 1931 3205 nemo
1974 3160 2292 3223 umquam
2324 3140 2543 3205 credet
2574 3139 2942 3204 huiusmodi
2986 3158 3207 3202 rerum

738 3237 844 3302 uel
872 3237 1287 3302 mediocriter
1315 3239 1580 3320 peritus.

821 3337 1174 3401 Sisinnium
1206 3356 1338 3401 non
1387 3357 1466 3401 ex
1497 3338 1634 3401 solo
1664 3338 2129 3419 Metaphrasta,
2160 3337 2455 3401 simodo
2484 3357 2635 3402 eum
2665 3340 2923 3402 secutus
2951 3336 3052 3414 sit,
3087 3356 3209 3400 sua

741 3435 1157 3517 descripsisse
1204 3437 1622 3500 manifestum
1672 3441 1789 3499 est.
1836 3436 2160 3518 permulta
2189 3436 2360 3500 enim
2396 3439 2462 3500 et
2489 3437 2687 3500 rebus
2717 3439 2783 3499 et
2810 3435 3029 3499 uerbis
3059 3454 3207 3499 cum

741 3551 1068 3616 anonymo
1095 3534 1513 3616 congruentia
1541 3534 1739 3599 habet
1772 3554 1942 3615 quae
1969 3534 2417 3616 Metaphrasta
2446 3534 2683 3610 omisit,
2705 3537 2777 3598 ut
2807 3539 2842 3611 ἓ
2866 3535 2904 3597 6
2933 3532 3096 3598 haec
3126 3533 3209 3596 de

740 3635 927 3714 patre
956 3633 1210 3714 puellae
1238 3637 1483 3698 mutae:
1513 3642 1701 3692 τοῦτον
1724 3634 1787 3705 δὴ
1837 3633 2162 3712 βουληθέντα
2183 3638 2274 3691 σὺν
2298 3635 2497 3715 ἑτέροις
2517 3636 2809 3714 ὀμόφροσιν
2830 3633 2949 3691 ἔνθα
2971 3637 3035 3691 τὸ
3058 3635 3206 3712 ἅγιον

741 3731 882 3811 ὕδωρ
896 3737 991 3796 τὰς
1014 3736 1172 3797 ἰάσεις
1197 3735 1456 3812 ἐπήγαζεν
1480 3735 1755 3814 ἀφικέσθαι
1780 3734 1866 3791 ἐπὶ
1887 3737 1949 3790 τὸ
1976 3742 2295 3815 καταχῶσαι
2317 3738 2406 3791 καὶ
2430 3735 2712 3814 ἀφανισμῷ
2728 3733 2857 3791 αὐτὸ
2880 3731 3207 3812 παραδοῦναι

739 3830 883 3906 mk„
917 3829 993 3894 cf.
1037 3831 1343 3913 anonymi
1374 3830 1429 3908 3,
1482 3831 1584 3906 17;
1627 3835 1664 3908 ἓ
1706 3831 1747 3894 8
1791 3831 1874 3893 de
1902 3831 2081 3894 uictu
2109 3830 2461 3912 Archippi:
2487 3840 2641 3906 ποτῷ
2665 3831 2723 3888 δὲ
2745 3833 2983 3912 (ἐχρῆτο)
3014 3830 3205 3895 ὕδατος

739 3929 974 4007 οὖγγίαις
1015 3936 1176 4010 τρισὶν
1205 3933 1277 3995 εἷς
1309 3933 1590 4013 ἀνάκτησιν
1629 3939 1784 3994 τοῦ...
1836 3934 2111 4007 σώματος,
2159 3930 2238 3994 of.
2282 3931 2341 4008 5,
2378 3929 2492 4005 143
2535 3933 2695 4011 χάριν
2725 3939 2819 3988 τοῦ
2866 3934 2938 4006 μὴ
2984 3931 3208 3997 τούτους

738 4027 1078 4109 ὁρᾶσθαι,01’.
1123 4031 1180 4105 6,
1211 4028 1278 4106 6;
1308 4033 1399 4087 τὸν
1441 4039 1538 4099 τῆς
1581 4031 1870 4111 ἀγρυπνίας
1914 4032 2301 4110 πικρότατον...
2331 4031 2515 4105 ὕπνον,
2564 4028 2641 4092 cf.
2686 4030 2745 4106 6,
2794 4027 2901 4104 10;
2933 4027 2969 4111 ἓ
3009 4028 3050 4091 8
3079 4028 3207 4092 et9

742 4145 1048 4208 magnam
1075 4130 1330 4209 partem
1355 4126 1665 4191 orationis
1689 4127 2109 4209 Archippi,cf.
2135 4128 2194 4204 6,
2223 4127 2300 4190 14
2328 4147 2444 4203 ss‚;
2471 4126 2507 4209 ξ
2544 4127 2621 4190 10
2650 4127 2806 4185 ἄλλοι
2833 4131 2923 4185 τὸν
2970 4129 3208 4206 πώγωνα

741 4224 965 4304 ἔτιλλον,
995 4227 1071 4290 Cf.
1102 4227 1161 4303 8,
1184 4227 1292 4304 20;
1324 4227 1360 4309 ἓ
1397 4227 1471 4290 19)..
1494 4230 1618 4285 ὡσεὶ
1647 4227 2091 4308 πεντακισχιλίων
2122 4226 2345 4307 ἀνδρῶν,
2376 4227 2453 4289 cf.
2489 4227 2583 4303 11,
2614 4227 2681 4302 93
2706 4225 2742 4308 ἓ
2780 4226 2855 4289 12
2884 4225 2936 4284 ἔν
2965 4249 3024 4285 τε
3051 4225 3207 4284 Λαο-

741 4323 907 4400 δικείᾳ
948 4331 1219 4410 γενόμενοι
1260 4326 1585 4405 συμβούλιον
1626 4329 1873 4405 τίθενται,
1902 4325 1980 4389 cf.
2031 4326 2125 4402 11,
2175 4325 2253 4389 10
2295 4324 2482 4390 codd.
2528 4325 2597 4404 Δ,
2644 4326 3034 4408 quibuscum
3073 4342 3211 4387 non

739 4426 959 4487 tamen
991 4444 1189 4489 ausus
1232 4428 1329 4489 est
1372 4425 1690 4506 populum
1740 4424 2187 4488 Laodicenum
2250 4423 2497 4488 consilii
2545 4423 2929 4506 participem
2974 4424 3207 4487 facere.

742 4523 779 4607 ἓ
816 4523 918 4600 15ς
954 4525 1058 4601 16,
1089 4524 1162 4587 17
1188 4523 1503 4605 Archippi
1534 4527 1600 4588 et
1625 4523 1960 4587 Michaelis
1991 4542 2370 4587 sermonum
2399 4523 2732 4605 pleraque,
2763 4523 2841 4587 cf.
2871 4524 2966 4600 14,
3017 4522 3092 4585 18
3120 4541 3206 4586 ss.

737 4622 914 4688 idem
958 4624 994 4706 ἓ
1038 4625 1078 4687 5
1120 4642 1251 4687 non
1281 4623 1488 4705 magis
1533 4640 1734 4704 quam
1796 4642 2165 4705 anonymus
2209 4623 2268 4700 2,
2317 4622 2393 4686 16
2442 4621 2815 4705 Philippum
2850 4622 2934 4686 ab
2964 4621 3206 4685 Ioanne

736 4722 1031 4805 seiungit,
1057 4722 1125 4786 id
1165 4722 1339 4806 quod
1381 4715 1424 4785 a
1465 4721 1914 4809 Metaphrasta
1962 4721 2202 4786 factum
2247 4740 2391 4786 esse
2435 4741 2638 4805 supra
2687 4720 3052 4785 docuimus.
3084 4719 3204 4785 sed

737 4823 930 4889 nimis
952 4823 1066 4887 diu
1091 4822 1157 4886 in
1187 4842 1258 4886 re
1287 4820 1634 4885 manifesta
1666 4821 1906 4885 morati
1931 4839 2178 4885 sumus,
