3650 5684
10 112 35 155 τ

721 457 889 508 XLVI

799 1834 944 1913 Quo
973 1833 1223 1899 facilius
1257 1852 1336 1898 ea
1365 1852 1537 1917 quae
1565 1833 1649 1898 de
1691 1832 1849 1898 locis
1881 1852 2081 1915 supra
2110 1832 2450 1916 disputata
2478 1837 2631 1899 sunt
2660 1830 3194 1918 intellegerentur

717 1934 924 2007 adieci
963 1933 1115 1997 huic
1150 1931 1366 1997 libello
1412 1933 1647 1998 rudem
1691 1932 2026 2017 quandam
2067 1931 2360 1998 locorum
2388 1932 2893 2016 descriptionem
2935 1955 2972 2000 e
3013 1953 3190 2000 com·

716 2033 1014 2116 pluribus
1042 2032 1281 2097 tabulis
1308 2036 1383 2097 ut
1410 2032 1598 2114 potui
1627 2031 2084 2097 concinnatam
2112 2031 2291 2098 hisce
2320 2054 2337 2097 t

750 2164 767 2183 ·
799 2133 881 2198 H.
912 2132 1196 2215 Kiepert,
1227 2131 1439 2197 Karte
1465 2151 1587 2196 von
1617 2130 2015 2213 Kleinasien,
2047 2130 2272 2196 Berlin
2306 2131 2482 2197 1844.

798 2231 884 2296 Η.
918 2233 1206 2315 Kiepert‚
1251 2231 1648 2296 Wandkarte
1675 2251 1793 2295 von
1825 2231 2307 2310 Altkleinasien‚
2338 2231 2562 2296 Berlin
2596 2232 2775 2297 1888.

797 2329 980 2412 Prof.
1021 2331 1095 2396 G.
1141 2331 1565 2397 Hirschfeld's
1604 2330 2161 2416 Archaeoloyisehe
2200 2330 2561 2396 Reiseroule
2601 2333 2689 2395 im
2718 2331 3190 2396 svzdwestliehen

879 2431 1276 2514 Kleinasien,
1311 2432 1511 2509 1874;
1539 2430 2067 2496 Monatsberiehte
2083 2430 2145 2496 d.
2173 2431 2234 2495 lc.
2264 2451 2512 2515 preuss,
2542 2431 2756 2496 Akad.
2792 2431 2855 2496 d.
2900 2431 2996 2497 W.
3031 2432 3190 2496 1879

879 2530 1135 2612 (Berlin
1163 2531 1348 2611 1880)
1369 2550 1433 2614 p.
1463 2531 1606 2602 299.
3014 2547 3022 2555 ·

794 2630 1140 2711 Sillington
1171 2630 1468 2710 Sterrett‚
1509 2630 1640 2695 The
1682 2630 1888 2714 Wolfe
1929 2630 2312 2715 Empedition
2355 2636 2418 2694 to
2459 2632 2625 2695 Asia
2670 2630 2912 2713 Minor,
2944 2630 3184 2696 Boston

882 2729 1080 2806 1888;
1110 2729 1340 2794 tabula
1368 2730 1576 2795 altera
1605 2730 1691 2795 ab
1721 2730 2008 2797 Henrico
2034 2729 2303 2814 Kiepert
2324 2730 2669 2809 delineata,
2693 2731 2977 2796 Berolini
3002 2731 3182 2796 1886.

794 2828 899 2894 W.
937 2828 1021 2893 M.
1058 2828 1375 2912 Ramsayi
1415 2829 1633 2894 libello
1672 2830 1755 2895 de
1801 2830 2124 2914 Phrygiae
2168 2829 2670 2912 antiquitatibus
2713 2850 2885 2913 quae
2928 2830 3187 2896 adiecta

877 2932 977 2993 est
1005 2928 1255 3008 tabula,
1284 2929 1631 2993 American
1659 2928 1948 2994 Journal
1979 2928 2057 3011 of
2075 2928 2507 3015 Archaeoloyy
2535 2928 2620 2993 IV
2648 2930 2887 3015 (1888).
