3650 5684
1841 841 2118 907 CAPVT
2157 838 2233 907 V.

1796 1039 1892 1104 Dr:
1921 1059 2262 1105 maacvus.

879 1238 1110 1319 Aquae
1154 1234 1403 1301 calidae
1441 1239 1628 1300 erant
1663 1235 1816 1300 olim
1858 1237 2036 1319 apud
2074 1236 2473 1320 Hierapolim
2515 1238 2836 1322 plurimae
2878 1242 2942 1303 et
2979 1239 3263 1305 celeber-

793 1336 1001 1401 rimae
1040 1336 1063 1374 1
1113 1354 1278 1417 quas
1322 1336 1518 1399 etiam
1569 1338 1795 1415 nostra
1849 1339 2064 1423 aetate
2104 1336 2290 1401 multi
2347 1336 2656 1402 uiderunt
2692 1341 2756 1402 et
2815 1338 3258 1420 spectaculum

748 1428 751 1433 ’
781 1435 1110 1520 praebere
1145 1453 1413 1518 prorsus
1442 1433 1787 1498 mirificum
1817 1453 2045 1499 omnes
2088 1454 2219 1499 uno
2249 1455 2360 1500 ore
2389 1439 2713 1501 testantur
2741 1437 2785 1500 2.
2809 1430 3019 1503 sOlent
3039 1442 3262 1503 autem

795 1533 1116 1600 eiusmodi
1147 1552 1358 1614 aquae
1386 1532 1676 1615 pluribus
1700 1532 1858 1598 locis
1889 1532 2181 1598 eiusdem
2210 1534 2487 1616 regionis
2517 1535 2845 1617 profluere
2874 1556 2995 1601 nec
3025 1536 3265 1601 mirum

794 1633 848 1699 si
879 1633 1076 1698 etiam
1118 1631 1377 1709 ChoniS‚
1408 1650 1579 1713 quae
1617 1633 1702 1696 ab
1745 1631 2080 1714 Hierapoli
2104 1652 2306 1715 prope
2346 1634 2641 1711 aberant,
2674 1634 2817 1699 fons
2847 1654 3063 1717 aquae
3092 1635 3266 1700 salu-

790 1732 950 1798 taris
981 1731 1244 1796 exstitit.
1281 1749 1358 1795 ac
1394 1730 1558 1794 uidit
1597 1730 1954 1795 Pocockius
1997 1731 2025 1768 3
2066 1731 2131 1795 in
2172 1750 2248 1795 eo
2286 1731 2429 1796 loco
2474 1731 2542 1798 in
2571 1752 2702 1815 quo
2734 1732 2994 1798 Chonas
3018 1734 3264 1815 positas

792 1831 993 1896 fuisse
1020 1830 1311 1913 plerique
1340 1829 1740 1893 arbitrantur
1770 1829 2031 1895 canales
2060 1830 2373 1913 plurimos
2411 1851 2586 1913 aqua
2625 1831 2887 1914 quidem
2921 1833 3263 1897 destitutos

793 1930 908 1996 sed
939 1929 1256 1994 eiusmodi
1295 1928 1528 1993 crustis
1556 1927 1855 1994 inductos
1886 1929 2113 2012 quales
2144 1947 2356 2013 aquae
2386 1931 2914 2014 Hierapolitanae
2956 1932 3262 1997 efficiunt.

791 2030 936 2095 fons
967 2032 1183 2093 autem
1215 2027 1340 2092 iste
1369 2028 1547 2109 quod
1576 2032 1915 2110 tamquam
1943 2029 2177 2111 pignus
2221 2029 2553 2111 quoddam
2597 2030 2897 2112 promissi
2927 2029 3264 2113 apostolici

793 2131 975 2194 ortus
1006 2146 1149 2192 esse
1194 2130 1502 2191 narratur
1539 2124 1672 2191 non
1699 2131 1837 2190 tam
1869 2128 1954 2192 ab
1982 2127 2206 2193 incolis
2230 2129 2588 2211 antiquitus
2620 2129 2935 2193 creditum
2968 2133 3029 2194 et
3060 2129 3262 2194 tradi-

793 2229 936 2290 tum
967 2244 1168 2307 quam
1190 2225 1275 2288 ab
1301 2243 1378 2287 eo
1402 2223 1514 2305 qui
1537 2224 1657 2288 loci
1686 2222 1854 2288 illius
1883 2224 2199 2289 miracula
2221 2226 2442 2290 omnia
2464 2244 2543 2290 ac
2565 2226 2912 2308 praecipue
2935 2226 3260 2293 Michaelis

795 2323 1239 2408 praesentiam
1265 2341 1475 2404 usque
1499 2322 1583 2386 ab
1607 2322 1918 2403 apostolis
1940 2326 2236 2405 repetere
2257 2322 2452 2388 uellet
2472 2324 2811 2388 inuentum
2833 2324 3042 2389 uideri
3063 2344 3261 2406 supra

796 2420 1315 2497 demonstratum
1389 2422 1485 2483 est
1526 2419 1573 2483 4.
1631 2407 1784 2483 n'am
1845 2419 2069 2484 incolis
2128 2424 2231 2485 sat
2288 2423 2431 2484 erat
2498 2421 2795 2485 Michaeli
2874 2422 3260 2503 archangelo
3303 2454 3306 2457 ¹

792 2519 1110 2584 beneficia
1151 2519 1348 2582 fontis
1389 2522 1657 2599 accepta
1689 2519 1951 2583 referre.
1986 2519 2185 2583 etiam
2215 2518 2324 2601 qui
2357 2520 2673 2601 euangelii
2703 2520 2963 2585 Ioannis
2994 2524 3192 2602 caput
3219 2539 3261 2584 v

793 2617 1210 2700 interpolauit
1250 2617 1335 2680 ab
1378 2616 1606 2698 angelo
1639 2636 1885 2699 aquam
1912 2617 2280 2683 Bethesdae
2309 2616 2596 2700 piscinae
2630 2618 3259 2702 Hierosolymitanae

795 2717 1166 2782 salutariter
1215 2716 1466 2780 turbari
1515 2716 1774 2780 solitam
1824 2717 2175 2799 scripserat
2232 2719 2275 2780 ⁵.
2347 2717 2727 2782 Michaelem
2799 2719 3261 2801 archangelum

797 2836 948 2880 eum
1001 2816 1196 2880 fuisse
1246 2815 1339 2880 ait
1381 2816 1656 2897 scriptor
1706 2816 1978 2897 quidam
2022 2817 2278 2898 ignotus
2317 2817 2429 2900 qui
2473 2817 2684 2881 locum
2725 2816 2903 2881 illum
2942 2817 3261 2899 euangelii

796 2916 1011 2999 quarti
1040 2914 1355 2979 dilatauit.
1388 2914 1569 2978 cuius
1593 2914 1976 2995 opusculum
2008 2920 2341 2980 seruatum
2366 2916 2597 2980 eodem
2629 2916 2848 2980 codice
2869 2916 3260 2998 Angelicano

797 3034 926 3096 quo
978 3013 1266 3079 narratio
1317 3013 1626 3094 anonymi
1678 3017 1743 3078 et
1790 3032 1985 3078 suum
2035 3014 2102 3078 in
2150 3035 2345 3079 usum
2395 3015 2796 3097 descriptum
2841 3014 3260 3080 Hermannus

795 3113 1044 3183 Vsener
1086 3112 1243 3181 mihi
1308 3111 1625 3176 utendum
1669 3112 1943 3177 tradidit
1979 3113 2023 3176 ⁶.
2068 3114 2317 3179 incolae
2360 3119 2583 3179 autem
2647 3117 2860 3178 terrae
2920 3114 3085 3178 illius
3130 3115 3263 3179 iam

798 3211 1156 3294 antiquitus
1189 3210 1567 3290 angelorum
1600 3210 1798 3275 cultui
1821 3211 2023 3275 dediti
2054 3214 2240 3276 erant
2282 3232 2401 3276 nec
2424 3213 2509 3276 ab
2534 3231 2613 3276 ea
2641 3212 2947 3293 religione
2976 3212 3265 3277 reuocati

798 3314 951 3377 sunt
994 3310 1438 3375 admonitione
1481 3309 1591 3373 illa
1634 3328 1807 3392 quae
1852 3313 1950 3374 est
1992 3310 2058 3373 in
2102 3300 2381 3392 epistula
2433 3311 2519 3375 ad
2570 3311 2987 3376 Colossenses
3031 3311 3189 3377 data
3238 3312 3264 3349 ⁷

801 3410 982 3489 μηδεὶς
1011 3412 1150 3486 ὑμᾶς
1181 3411 1635 3491 καταβραβευέτω
1665 3410 1832 3467 θέλων
1871 3411 1923 3467 ἐν
1960 3412 2409 3491 ταπεινοφροσύνῃ
2455 3415 2543 3469 καὶ
2572 3413 2827 3491 θρησκείᾳ
2852 3419 2960 3468 τῶν
3004 3411 3265 3490 ἀγγέλων,

797 3507 1189 3572 Theodoreti
1241 3507 1507 3588 quidem
1563 3506 1630 3570 in
1688 3508 2171 3572 commentariis
2223 3508 2308 3573 ad
2365 3508 2545 3573 illum
2587 3509 2805 3573 locum
2863 3508 3266 3592 adscriptum

796 3607 1071 3689 legimus
1101 3606 1167 3670 in
1208 3605 1490 3687 Phrygia
1532 3609 1594 3669 et
1628 3604 1871 3669 Pisidia
1910 3606 2090 3695 illum
2127 3627 2379 3671 morem
2422 3611 2758 3672 seruatum
2796 3626 2940 3672 esse
2980 3611 3044 3672 et
3073 3626 3154 3672 ea
3182 3608 3266 3673 de

796 3725 999 3771 causa
1029 3704 1299 3770 concilio
1329 3704 1695 3768 Laodiceno
1725 3707 1950 3769 coacto
1977 3705 2118 3787 lege
2146 3709 2449 3771 sanctum
2478 3726 2623 3770 esse
2665 3724 2747 3769 ne
2785 3706 2999 3787 angeli
3028 3707 3263 3771 adora-

884 3970 907 4007 ¹
937 3974 1135 4029 Strabo
1170 3973 1243 4028 13
1267 3992 1323 4044 p.
1354 3974 1472 4029 629
1500 3968 1647 4050 Ἱερὰ
1673 3970 1854 4041 πόλις,
1880 3971 2019 4028 ὅπου
2046 3974 2114 4028 τὰ
2144 3972 2313 4051 θερμὰ
2342 3969 2588 4032 ὕδατα...
2622 3971 2766 4029 οὕτω
2797 3970 2842 4028 δ’
2871 3972 3006 4030 ἐστὶν
3036 3971 3264 4052 ἄφθονον

791 4056 862 4112 τὸ
890 4051 1098 4122 πλῆθος
1146 4060 1246 4110 τοῦ
1294 4051 1483 4114 ὕδατος
1534 4053 1672 4111 ὥστε
1721 4056 1754 4122 ἦ
1803 4052 1960 4115 πόλιὸ
2012 4056 2176 4129 μεστὴ
2209 4061 2316 4111 τῶν
2345 4053 2665 4128 αὐτομάτων
2696 4052 2987 4131 βαλανείων
3016 4055 3145 4116 ἐστί.
3178 4088 3261 4100 --

796 4133 827 4172 2
847 4140 1017 4194 Velut
1044 4139 1116 4194 R.
1154 4139 1429 4202 Pococke,
1458 4141 1808 4209 Description
1830 4142 1899 4194 de
1922 4141 2183 4205 l’Orient,
2212 4141 2357 4194 trad.
2391 4141 2462 4208 ‘de
2491 4138 2707 4209 l’angl.‚
2744 4141 2905 4195 Paris
2932 4141 3111 4205 1771,
3137 4146 3181 4195 t.
3209 4141 3262 4195 V

800 4241 857 4293 p.
891 4221 1006 4276 144
1035 4239 1082 4275 s,
1116 4245 1130 4285 ς
1165 4222 1260 4274 Fr.
1289 4204 1358 4275 V.
1386 4221 1431 4275 Ι.
1467 4222 1757 4286 Arundell,
1791 4224 1841 4277 A
1875 4225 2013 4277 Visit
2043 4233 2095 4277 to
2123 4223 2215 4276 the
2241 4241 2403 4277 seven
2431 4222 2701 4276 charchas
2744 4226 2814 4294 of
2839 4224 3000 4288 Asia,
3032 4223 3259 4277 London

808 4303 989 4366 1828,
1016 4321 1073 4373 p.
1095 4303 1173 4356 79
1196 4321 1243 4356 S.
1266 4321 1280 4370 3
1306 4303 1563 4358 William
1579 4304 1625 4358 Ι.
1648 4305 1949 4366 Hammon.
1976 4305 2313 4361 Researches
2336 4309 2398 4358 in
2420 4306 2561 4359 Asia
2582 4306 2795 4370 Minor,
2825 4307 3053 4359 London
3080 4305 3259 4369 1842,

800 4393 845 4442 t.
880 4387 907 4441 Ι
936 4404 992 4456 p.
1031 4384 1148 4440 517
1180 4403 1226 4438 s.
1252 4404 1266 4451 3
1308 4385 1375 4439 Ρ.
1397 4386 1484 4439 de
1513 4386 1911 4459 Tchihatcheff‚
1945 4388 2079 4442 Asie
2105 4389 2384 4452 Mineure,
2415 4386 2576 4441 Paris
2611 4387 2791 4452 1853,
2824 4394 2869 4442 t.
2897 4388 2924 4442 Ι
2952 4407 3008 4459 p.
3046 4387 3164 4442 344
3187 4406 3263 4446 ss-

801 4499 883 4509 --
909 4461 937 4500 3
966 4468 1031 4521 T.
1068 4467 1118 4521 V
1146 4485 1203 4537 p.
1238 4467 1372 4525 150.
1402 4462 1532 4507 —4
1561 4469 1629 4524 P.
1656 4476 1757 4524 xx.
1792 4501 1875 4510 —-
1912 4465 1939 4502 ⁶
1966 4470 2048 4528 Io,
2077 4469 2137 4533 5,
2168 4469 2204 4523 4
2252 4464 2479 4546 ἄγγελος
2526 4469 2630 4545 γὰρ
2681 4459 2821 4523 κατὰ
2867 4457 3049 4546 καιρὸν
3100 4466 3265 4524 κατέ-

802 4549 976 4626 βαινεν
1027 4546 1079 4602 ἐν
1127 4554 1195 4622 τῇ
1247 4545 1602 4624 κολυμβήθρᾳ
1650 4551 1739 4605 καὶ
1791 4549 2048 4628 ἐτάρασσε
2076 4550 2139 4605 τὸ
2169 4545 2344 4627 ὕδωρ·
2379 4550 2409 4604 ὁ
2439 4547 2529 4604 οὖν
2560 4555 2778 4624 πρῶτος
2804 4547 2975 4626 ἐμβὰς
3006 4551 3142 4623 μετὰ
3170 4550 3267 4618 τὴν

799 4631 1045 4710 ταραχὴν
1066 4635 1163 4686 τοῦ
1190 4627 1381 4694 ὕδατος
1411 4630 1561 4706 ὑγιὴς
1593 4630 1786 4708 ἐγίνετο
1816 4633 1863 4706 ᾧ
1894 4629 1957 4700 δή
1980 4652 2115 4688 ποτε
2143 4632 2425 4711 κατείχετο
2446 4632 2727 4706 νοσήματι.
2754 4666 2838 4674 -
2859 4629 2886 4666 ⁶
2915 4635 3049 4689 Cod.
3084 4635 3264 4704 Ange·

798 4717 1013 4771 licanus
1035 4716 1081 4769 B
1106 4714 1164 4770 2.
1193 4714 1232 4829 ἓ
1261 4717 1301 4770 f.
1340 4715 1456 4771 236
1488 4716 1725 4792 περὶτοῦ
1753 4710 2099 4793 παραλύτου,
2121 4715 2231 4770 ἀπὸ
2253 4720 2362 4771 τῶν
2379 4714 2669 4790 θαυμάτων
2698 4720 2796 4771 τοῦ
2825 4714 3263 4795 ἀρχιστρατήγου

800 4794 1048 4877 Μιχαήλ.
1081 4829 1162 4837 -
1240 4798 1300 4863 2,
1333 4798 1429 4855 18.
2945 4821 2947 4823 ’
