3650 5684
733 455 861 507 xvl
990 451 995 455 ’
1803 453 2033 505 CAPVT
2083 452 2134 504 11

733 643 1023 727 positum
1066 645 1437 708 statuamus
1484 643 1597 725 qui
1639 641 1938 724 regnauit
1988 641 2074 705 ab
2122 659 2297 706 anno
2346 659 2730 705 nccccnxxvr
2774 640 2859 704 ad
2901 658 3095 720 mir,
3144 641 3201 705 is

734 747 957 808 tamen
984 758 1093 806 res
1110 760 1245 805 non
1276 741 1677 823 excogitauit
1704 740 1822 805 sed
1852 760 2024 823 quae
2051 740 2120 804 in
2150 739 2432 805 ecclesiis
2461 739 2717 805 recitari
2744 739 2878 804 iam
2906 740 3203 805 solebant

739 840 849 906 edi
888 841 1096 905 iussit.
1142 841 1282 922 ipse
1328 843 1553 904 autem
1594 839 2044 921 Metaphrasta
2089 838 2262 903 diem
2306 838 2697 920 septembris
2756 842 3015 903 sextum
3056 837 3202 902 ideo

737 939 1112 1005 narratione
1143 958 1263 1002 sua
1307 939 1663 1003 celebrauit
1706 938 1884 1021 quod
1936 938 2074 1003 eius
2117 937 2244 1002 diei
2294 937 2694 1002 sollemnitas
2737 937 2870 1002 iam
2910 927 3206 1002 instituta

741 1042 901 1103 erat.
931 1057 1052 1102 nec
1080 1038 1136 1101 si
1170 1037 1329 1119 quid
1366 1042 1693 1102 mutatum
1736 1042 1855 1115 est,
1899 1037 2079 1102 uelut
2123 1056 2270 1101 cum
2312 1057 2482 1101 unus
2505 1035 2745 1100 fluuius
2785 1056 2905 1118 pro
2949 1036 3204 1101 duobus

740 1140 1162 1213 memoratur,
1205 1139 1533 1201 sententia
1562 1136 1672 1201 illa
1699 1136 2040 1201 refutatur.
2070 1155 2226 1200 nam
2255 1138 2716 1218 praeterquam
2745 1135 2923 1218 quod
2958 1136 3089 1200 duo
3119 1134 3208 1199 illi

745 1235 929 1301 fluuii
977 1238 1331 1317 postquam
1374 1235 1699 1300 coniuncti
1744 1239 1897 1300 sunt
1937 1256 2106 1300 unus
2151 1235 2277 1299 dici
2318 1237 2692 1316 potuerunt,
2737 1236 2937 1299 etiam
2958 1234 3208 1316 reliqua

743 1352 978 1417 parum
1009 1337 1310 1399 accurate
1363 1335 1604 1416 scripta
1641 1339 1794 1399 sunt
1842 1339 1908 1399 et
1936 1336 2021 1399 ab
2052 1354 2132 1399 eo
2180 1335 2290 1415 qui
2320 1353 2424 1398 res
2454 1334 2789 1411 memoria,
2817 1350 2951 1397 non
2971 1334 3210 1398 librum

743 1434 1047 1498 manibus
1091 1434 1390 1498 tenuerit.
1436 1435 1954 1515 menologiorum
1996 1433 2307 1497 Basiliani
2345 1437 2409 1497 et
2439 1433 2669 1497 Veneti
2713 1431 3015 1514 exempla
3041 1431 3212 1497 infra

745 1532 935 1614 posui
985 1535 1058 1596 ut
1108 1533 1218 1614 qui
1263 1551 1665 1614 anonymum
1716 1532 1989 1614 legerint
2036 1532 2246 1596 sciant
2297 1532 2440 1596 fons
2471 1531 2576 1595 ille
2600 1532 2835 1615 quibus
2877 1531 3098 1596 riuolis
3126 1531 3214 1595 ad

748 1631 1150 1695 sescentiens
1178 1636 1453 1696 centena
1476 1632 1653 1696 milia
1682 1631 2022 1695 hominum
2053 1632 2402 1712 quotannis
2438 1631 2780 1695 redundet.

828 1731 1047 1808 Βιβλίον
1094 1740 1187 1789 τοῦ
1239 1733 1599 1811 σεπτεμβρίου
1658 1734 1902 1808 μηνός...
1959 1735 2203 1789 τυπωθὲν
2254 1731 2513 1800 Ἐνετίησι
2584 1735 2730 1810 παρὰ
2789 1728 3065 1806 Ἀντωνίῳ
3133 1737 3213 1807 τῷ

760 1829 1004 1905 Πινέλλῳ
1144 1829 1486 1907 ἐπιμελείᾳ...
1537 1831 1852 1912 Νικηφόρου
1894 1830 2279 1912 Ἱερομονάχου
2320 1838 2417 1889 τοῦ
2439 1829 2779 1911 Πασχάλεως
2824 1828 2999 1895 ἔτει...
3046 1828 3215 1913 ,αχκή

751 1927 1143 2012 (ΜοοΧΧνιιι).

836 2037 916 2103 τῷ
946 2029 1093 2103 αὐτῷ
1124 2031 1246 2104 μηνὶ
1279 2026 1358 2108 ς’

833 2131 866 2197 ἡ
895 2128 1180 2204 ἀνάμνησις
1209 2137 1305 2184 τοῦ
1328 2129 1613 2206 γενομένου
1643 2124 1948 2208 παραδόξου
1978 2129 2247 2205 θαύματος
2272 2129 2324 2186 ἐν
2355 2127 2659 2192 Κολασσαῖς
2679 2137 2777 2199 τῆς
2802 2128 3043 2209 Φρυγίας
3072 2131 3219 2209 παρὰ

753 2234 848 2284 τοῦ
874 2227 1305 2306 ἀρχιστρατήγου
1335 2227 1579 2308 Μιχαήλ.

839 2322 1059 2407 ’Ώφθης
1083 2324 1305 2405 Μιχαὴλ
1334 2334 1412 2400 σῷ
1434 2334 1546 2400 ναῷ
1575 2326 1701 2383 Νῶε
1726 2325 1843 2388 νέος

838 2425 991 2502 χώνῃ
1021 2431 1282 2500 ποταμῶν
1312 2427 1401 2481 τὸν
1425 2423 1815 2500 κατακλεισμὸν
1845 2422 2008 2486 λύων.

837 2521 992 2580 Ῥοῦν
1023 2520 1247 2602 Μιχαὴλ
1273 2531 1532 2599 ποταμῶν
1555 2524 1791 2604 χώνευσε
1810 2525 1946 2581 νόων
1970 2525 2099 2603 ἀγὸς
2128 2523 2277 2602 ἕκτῃ.

846 2621 1044 2696 Φθόνῳ
1066 2623 1354 2698 τηκόμενοι
1378 2623 1463 2680 ἐπὶ
1490 2631 1600 2687 τοῖς
1624 2618 1941 2702 παραδόξως
1971 2622 2269 2701 γενομένοις
2308 2623 2361 2680 ἐν
2399 2632 2480 2698 τῷ
2520 2631 2631 2698 ναῷ
2670 2630 2763 2679 τοῦ
2796 2623 3225 2703 ἀρχιστρατήγου

760 2718 984 2802 Μιχαὴλ
1017 2719 1197 2800 ἄνδρες
1223 2719 1578 2790 ἑλληνίζοντες
1607 2725 1697 2779 τὸν
1727 2722 2105 2801 παραρρέοντα
2141 2723 2353 2800 ἐγγύθεν
2392 2725 2637 2797 ποταμὸν
2679 2720 3226 2799 ἐβουλεύσαντοκατὰ

756 2828 853 2878 τοῦ
876 2828 1002 2877 ναοῦ
1029 2821 1272 2900 στρέψαι,
1307 2820 1447 2877 ὥστε
1470 2825 1557 2877 καὶ
1587 2823 1679 2878 τὸν
1699 2824 1823 2879 ναὸν
1856 2821 1879 2857 1
1910 2820 2243 2878 κατακλύσαι
2272 2824 2363 2878 καὶ
2388 2824 2479 2878 τὸν
2508 2821 2872 2901 προσμένοντα
2895 2820 3044 2896 αὐτῷ
3066 2818 3227 2899 ἄνδρα

756 2920 929 2996 τίμιον
972 2923 1061 2977 τὸν
1114 2918 1432 3000 ’Ἄρχιππον
1472 2919 1758 2980 ἀπολέσαι.
1811 2924 1985 3000 φανεὶς
2027 2919 2083 2978 δὲ
2129 2923 2219 2977 καὶ
2250 2920 2408 2996 μόνον
2437 2921 2467 2976 ὀ
2499 2922 2637 2984 θεῖος
2667 2920 3096 3001 ἀρχιστράτηγος
3138 2922 3229 2976 καὶ

634 3020 639 3029 ’
760 3021 966 3098 θαρρεῖν
998 3015 1442 3096 ἐγκελευσάμενος
1478 3026 1558 3093 τῷ
1588 3017 1878 3099 Ἀρχίππῳ
1907 3017 2132 3090 πλήσσει
2176 3017 2361 3099 ῥάβδῳ
2401 3022 2495 3089 τὴν
2535 3019 2733 3100 πέτραν
2776 3022 2867 3076 καὶ
2893 3017 3127 3100 πάροδον
3178 3018 3229 3076 ἐν

761 3117 897 3194 αὐτῇ
953 3119 1177 3186 ποιήσας
1233 3125 1332 3174 τοῦ
1391 3126 1642 3193 ποταμοῦ
1692 3114 1744 3183 ἐξ
1796 3119 1996 3176 ἐκείνου
2051 3119 2215 3198 μέχρι
2271 3121 2362 3175 καὶ
2417 3126 2512 3175 τοῦ
2560 3125 2649 3175 νῦν
2696 3117 3006 3198 παροδεύων
3043 3120 3233 3198 ὁρᾶται

759 3217 1146 3298 χωνευόμενος.

845 3313 1277 3394 Menologium
1331 3313 1733 3378 Graecorum
1783 3314 1966 3378 iussu
2009 3314 2232 3379 Basilii
2263 3314 2417 3395 imp.
2454 3334 2545 3395 gr.
2590 3314 2740 3378 olim
2781 3315 3027 3378 editum
3057 3330 3231 3379 nunc

762 3429 853 3492 gr.
886 3415 947 3476 et
975 3412 1086 3476 lai.
1117 3413 1334 3493 prodit
1364 3413 1537 3477 stud.
1570 3416 1634 3476 et
1656 3434 1760 3495 op.
1792 3412 1917 3476 An.
1950 3414 2208 3489 Albani,
2229 3412 2483 3477 Romae
2520 3414 2674 3478 1727
2699 3413 2745 3477 2.

849 3517 972 3589 μηνὶ
1001 3521 1080 3587 τῷ
1109 3513 1256 3589 αὐτῷ
1280 3511 1359 3592 Cs'

846 3614 880 3681 ἡ
912 3613 1203 3688 ἀνάμνησις
1225 3621 1322 3670 τοῦ
1344 3614 1395 3670 ἐν
1421 3613 1629 3677 Χώναις
1658 3612 1930 3688 θαύματος
1956 3621 2052 3671 τοῦ
2083 3612 2320 3693 μεγάλου
2344 3614 2773 3695 ἀρχιστρατήγου
2802 3620 2897 3669 τοῦ
2921 3615 3063 3673 θεοῦ.

846 3709 936 3767 Ἐν
978 3694 1046 3788 τῇ
1078 3709 1383 3789 καλουμένῃ
1421 3720 1507 3767 νῦν
1539 3714 1633 3788 μὲν
1672 3719 1778 3768 τῶν
1807 3711 2011 3770 Χωνῶν
2047 3710 2203 3770 πόλει
2231 3713 2490 3792 πρότερον
2519 3711 2575 3768 δὲ
2613 3710 2972 3768 Κολασσαέων
2994 3712 3233 3793 ὑπῆρχεν

766 3811 899 3890 ἀνήρ
941 3832 1019 3874 τις
1064 3807 1232 3886 ὄνομα
1277 3809 1596 3891 ’Ἄρχιππος
1634 3809 1868 3888 εὖλαβὴς
1906 3815 1996 3868 καὶ
2034 3813 2366 3891 φοβούμενος
2410 3814 2499 3868 τὸν
2546 3812 2661 3868 θεόν
2686 3858 2700 3874 .
2731 3813 2886 3875 οὗτος
2935 3812 3233 3889 προσκαθε-

770 3909 993 3985 ζόμενος
1025 3909 1075 3967 ἐν
1103 3918 1183 3984 τῷ
1207 3909 1356 3967 ὕδατι
1377 3919 1455 3985 τῷ
1481 3909 1565 3967 διὰ
1593 3919 1689 3979 τῆς
1713 3910 2041 3986 ἐπισκέψεως
2062 3918 2157 3968 τοῦ
2190 3909 2426 3990 μεγάλου
2465 3911 2898 3991 ἀρχιστρατήγου
2921 3909 3236 3988 ἀναβρύοντι

768 4009 860 4063 καὶ
902 4004 986 4064 διὰ
1017 4009 1081 4063 τὰ
1111 4007 1366 4085 γενόμενα
1396 4005 1479 4063 διὰ
1510 4013 1605 4064 τοῦ
1629 4006 1819 4072 ὕδατος
1846 4008 2093 4083 θαύματα
2115 4006 2350 4072 πολλοὺς
2391 4015 2498 4065 τῶν
2521 4008 2756 4064 ἀπίστων
2780 4005 3104 4086 ἐπιστρέφων
3145 4009 3236 4064 καὶ

772 4105 1045 4183 βαπτίζων
1075 4106 1280 4174 ἐκίνησε
1327 4109 1462 4184 πρὸς
1512 4106 1700 4185 φθόνον
1759 4110 1883 4170 τοὺς
1922 4105 2145 4176 ἕλληνας
2190 4111 2262 4182 μὴ
2307 4105 2560 4187 φέροντας
2606 4104 2816 4184 βλέπειν
2855 4108 2922 4163 τὰ
2960 4099 3235 4185 παράδοξα

772 4204 1040 4280 θαύματα.
1086 4205 1375 4286 βρύχοντες
1403 4204 1493 4262 οὖν
1523 4208 1648 4268 τοὺς
1679 4204 1897 4269 όδόντας
1945 4210 2083 4263 κατὰ
2112 4213 2211 4262 τοῦ
2238 4213 2434 4263 σεπτοῦ
2486 4207 2815 4285 ἀγιάσματος
2846 4208 2937 4263 καὶ
2964 4212 3059 4262 τοῦ
3089 4205 3235 4262 ὁσίου

772 4300 1093 4385 Ἀρχίππου
1123 4305 1465 4384 συναχθέντες
1514 4303 1709 4383 ἄπειρα
1758 4303 1937 4374 πλήθη
1970 4308 2061 4363 καὶ
2091 4303 2342 4374 δήσαντες
2389 4303 2484 4361 δύο
2517 4302 2781 4381 μεγάλους
2825 4306 3103 4380 ποταμοὺς
3147 4306 3238 4361 καὶ

687 4394 700 4403 ⁷
773 4399 1010 4479 μίξαντες
1033 4403 1370 4484 ἀμφοτέρους
1398 4401 1666 4462 ἀπέλυσαν
1698 4404 1891 4469 εὐθέως
1923 4412 2016 4462 τοῦ
2041 4403 2404 4484 καταστρέψαι
2423 4406 2514 4461 τὸν
2535 4406 2659 4461 ναὸν
2688 4407 2780 4461 καὶ
2798 4407 2861 4462 τὸ
2884 4404 3119 4482 ἁγίασμα
3148 4404 3239 4460 καὶ

769 4503 860 4559 τὸν
885 4498 1235 4583 ’Ἄρχιππον
1272 4505 1345 4567 ὥς
1369 4502 1425 4568 δὲ,
1452 4501 1676 4573 ἤκουσεν
1709 4505 1739 4560 ὀ
1776 4501 2096 4584 ’Ἄρχιππος
2124 4510 2219 4560 τοῦ
2251 4495 2494 4582 βρυγμοῦ
2524 4511 2631 4559 τῶν
2660 4501 2866 4559 ὑδάτων
2904 4498 3237 4582 παρεκάλεσε

769 4602 862 4658 τὸν
906 4602 1344 4682 ’ἀρχιστράτηγον
1391 4603 1688 4680 βοηθῆσαι·
1725 4607 1815 4661 καὶ
1874 4603 2069 4667 εὐθέως
2121 4606 2295 4683 φανεὶς
2339 4600 2559 4682 ἔκρουσε
2586 4605 2681 4672 τὴν
2710 4602 2907 4682 πέτραν
2959 4605 3092 4679 μετὰ
3140 4608 3237 4671 τῆς

860 4799 881 4838 ¹
904 4798 1054 4858 Λαὸν
1084 4806 1171 4860 ed.
1200 4835 1281 4844 —-
1311 4798 1335 4837 ²
1367 4806 1676 4879 Descripsit
1698 4808 1910 4877 Migne‚
1948 4801 2170 4864 Patrol.
2199 4824 2296 4876 qr.
2326 4811 2369 4861 t.
2406 4805 2609 4861 CXVII
2638 4824 2694 4877 p.
2739 4805 2816 4861 33
2840 4807 2903 4860 C.
