3650 5684
1759 763 2039 830 CAPVT
2081 762 2212 826 VII.

1625 984 1631 991 ·
1728 961 1823 1027 Dr.
1865 981 2267 1029 ’rauromnvs

836 1161 935 1227 De
962 1161 1372 1245 temporibus
1401 1176 1621 1241 pauca
1658 1160 1811 1222 sunt
1856 1176 2028 1238 quae
2072 1156 2353 1222 dicenda
2395 1155 2740 1223 habemus.
2770 1174 2944 1238 quae
2984 1156 3241 1223 utinam

757 1262 1036 1340 certiora
1057 1261 1292 1327 saltem
1322 1261 1543 1324 essent
1569 1263 1583 1321 1
1617 1259 1768 1339 post
1788 1255 2125 1323 saeculum
2148 1258 2456 1338 quartum
2478 1255 2718 1321 librum
2746 1254 3063 1337 scriptum
3091 1274 3238 1323 esse

756 1361 916 1426 satis
960 1359 1252 1425 declarat
1278 1360 1495 1423 totum
1525 1374 1728 1437 genus
1758 1355 2038 1433 dicendi,
2067 1355 2420 1437 praecipue
2463 1357 2685 1420 autem
2718 1373 2797 1420 ea
2826 1355 3035 1420 uerba
3061 1375 3236 1438 quae

752 1478 858 1524 res
912 1457 1279 1541 Significant
1328 1458 1527 1521 antea
1569 1454 1936 1518 inuisiliaias
1977 1456 2042 1518 et
2084 1453 2433 1532 inauditaS,
2462 1457 2534 1518 Ui.
2576 1454 2821 1531 κιλίκιον,
2854 1454 3235 1536 κασουλάριος,

753 1557 932 1636 talia,
954 1562 1155 1641 atque
1174 1558 1302 1623 hae
1331 1575 1436 1620 res
1456 1555 1658 1638 ipsae,
1671 1556 1737 1618 et
1766 1553 1907 1618 uita
1929 1551 2220 1618 solitaria
2250 1555 2315 1617 et
2337 1552 2619 1617 ascetica
2647 1552 2933 1621 maxime.
2956 1553 3233 1621 exculta.

754 1660 913 1723 ante
955 1657 1290 1733 saeculum
1322 1652 1654 1719 decimum
1705 1652 2020 1734 scriptum
2052 1671 2194 1717 esse
2223 1671 2302 1717 eo
2347 1652 2625 1717 efficitur
2655 1652 2832 1734 quod
2877 1671 2919 1717 a
2949 1652 3232 1718 Sisinnio

757 1761 823 1822 et
841 1777 882 1822 a
903 1756 1354 1840 Metaphrasta
1383 1757 1450 1818 et
1476 1752 1602 1818 nisi
1632 1752 1820 1817 fallor
1851 1752 2051 1816 etiam
2079 1752 2165 1816 ab
2187 1751 2265 1816 iis
2296 1751 2408 1834 qui
2437 1751 2809 1834 menologia
2842 1750 3230 1835 composue-

758 1858 911 1921 runt
929 1854 1135 1920 lectus
1165 1857 1265 1919 est
1316 1856 1382 1918 et
1423 1851 1809 1934 exscriptus.
1852 1851 1921 1915 hi
1951 1851 2216 1934 quidem
2260 1849 2426 1921 fines
2456 1851 2614 1916 certi
2656 1854 2831 1930 sunt,
2862 1851 2983 1916 etsi
3026 1852 3231 1917 multo

759 1974 961 2037 quam
990 1954 1290 2036 cupimus
1321 1952 1603 2017 latiores
1645 1950 1764 2015 sed
1794 1970 2151 2032 possumus
2179 1949 2377 2032 paulo
2407 1949 2640 2015 saltem
2670 1952 2944 2016 artiores
2996 1952 3235 2016 consti-

759 2056 944 2118 tuere
996 2053 1051 2118 si
1094 2072 1172 2118 ea
1202 2072 1372 2135 quae
1415 2051 1501 2116 de
1528 2050 1684 2116 locis
1737 2040 2227 2132 disputauimus'
2261 2069 2382 2132 pro
2412 2049 2737 2114 concessis
2766 2050 3012 2115 habere
3062 2051 3231 2116 licet.

757 2153 1019 2229 namsi
1045 2170 1287 2217 nomen
1339 2151 1715 2216 Chonarum
1744 2153 1884 2214 tum
1932 2148 2199 2215 demum
2239 2148 2383 2214 loco
2428 2148 2806 2231 impositum
2858 2153 3031 2214 esset
3079 2169 3228 2217 cum

760 2250 1047 2333 episcopi
1077 2250 1497 2317 Colossenses
1541 2248 1921 2313 Chonenses
1947 2268 2092 2313 sese
2130 2247 2455 2326 dixerunt,
2477 2248 2604 2312 hoc
2633 2251 2733 2313 est
2763 2249 2819 2313 si
2845 2249 3023 2314 idem
3050 2250 3230 2314 locus

754 2354 907 2416 ante
955 2350 1283 2427 Colossae,
1341 2352 1490 2431 post
1540 2348 1807 2414 Chonae
1852 2347 2222 2430 appellatus
2263 2351 2458 2431 esset,
2506 2367 2642 2415 non
2687 2351 2840 2412 ante
2892 2349 3230 2414 saeculum

755 2453 1068 2515 octauum
1097 2452 1315 2531 posset
1358 2447 1647 2512 narratio
1699 2466 1778 2511 ea
1823 2447 2067 2529 scripta
2117 2466 2262 2512 esse
2306 2466 2477 2530 quae
2528 2466 2643 2512 cur
2700 2444 2768 2512 id
2808 2466 3052 2514 nomen
3085 2448 3228 2514 loco

755 2549 986 2614 datum
1029 2549 1114 2613 sit
1162 2547 1471 2614 declarat.
1502 2566 1660 2613 nam
1713 2545 2072 2624 Hierocles,
2117 2565 2316 2628 quem
2364 2546 2706 2611 Iustiniani
2755 2550 2975 2613 aetate
3024 2548 3226 2614 fuisse

754 2649 942 2714 docet
972 2648 1086 2730 qui
1106 2647 1345 2711 librum
1369 2647 1504 2711 eius
1529 2646 1733 2711 edidit
1761 2645 2126 2727 Wesseling
2153 2646 2194 2724 ¹,
2225 2644 2549 2725 Colassas‚
2571 2664 2704 2710 non
2735 2645 2997 2713 Chonas
3017 2648 3232 2713 nomi-

753 2751 889 2826 nat,
919 2750 986 2811 et
1014 2765 1226 2829 usque
1251 2746 1337 2809 ad
1359 2764 1608 2810 annum
1638 2765 1971 2809 Dcrxxxxu
1992 2744 2411 2810 Colossenses
2434 2748 2693 2809 tantum
2717 2736 3233 2830 ,haberi'episco-

754 2865 876 2929 pos
905 2844 1129 2910 solitos
1159 2860 1361 2927 supra
1392 2843 1916 2908 demonstratum
1946 2847 2062 2908 est.
2094 2863 2213 2908 suo
2252 2843 2447 2925 igitur
2486 2843 2627 2907 iure
2656 2843 3087 2924 Bollandiani,
3117 2846 3233 2929 qui

756 2964 1001 3011 nomen
1022 2942 1725 3025 tantumssGolossarum
1749 2946 2077 3008 mutatum
2113 2943 2441 3025 putabant
2469 2942 2514 3020 2,
2531 2942 2599 3007 in
2628 2961 2713 3007 vn
2735 2947 2853 3009 aut
2873 2963 2979 3008 vm
3001 2965 3232 3011 saecu-

755 3044 893 3109 lum
935 3042 1381 3120 narrationem
1424 3041 1856 3108 contulerunt.
1896 3061 2070 3106 nunc
2119 3043 2431 3125 quoniam
2463 3041 2887 3107 Colossenses
2918 3043 2983 3107 in
3015 3044 3231 3110 locum

754 3143 889 3208 iam
931 3146 1128 3209 antea
1155 3141 1416 3231 Chonas
1467 3141 1716 3206 dictum
1757 3140 2144 3223 migrauisse
2187 3141 2607 3224 sumpsimUS,
2646 3141 2805 3207 nihil
2850 3142 3071 3208 obstat
3100 3163 3231 3228 quo

756 3241 971 3308 minus
1015 3241 1102 3306 ibi
1146 3241 1279 3306 iam
1324 3245 1520 3305 antea
1571 3240 1903 3305 Michaelis
1946 3242 2272 3307 celebrem
2314 3241 2563 3306 cultum
2613 3241 2813 3306 fuisse
2865 3242 3232 3309 credamus

755 3340 959 3409 immo
989 3360 1068 3406 eo
1096 3341 1349 3409 facilius
1379 3340 1820 3424 episcopalem
1843 3340 2072 3406 sedem
2103 3360 2181 3405 eo
2204 3341 2545 3406 transferri
2585 3341 2880 3424 potuisse
2902 3341 3235 3425 intellege-

756 3444 880 3506 tur.
930 3438 1173 3523 poterit
1220 3459 1372 3522 ergo
1421 3439 1711 3505 narratio
1759 3459 2023 3524 quoque
2067 3438 2221 3506 ante
2260 3439 2505 3524 scripta
2555 3459 2718 3504 esse.
2773 3443 2850 3505 et
2881 3459 3030 3506 esse
3082 3445 3235 3507 ante

757 3539 1072 3623 scriptam
1119 3539 1245 3604 hoc
1272 3539 1438 3621 signi
1487 3558 1631 3604 esse
1678 3538 1944 3604 uidetur
1986 3539 2166 3622 quod
2207 3539 2485 3624 scriptor
2529 3558 2897 3622 anonymus
2940 3541 3238 3607 meminit

755 3637 948 3722 parui
976 3638 1240 3704 oratorii
1269 3657 1347 3703 eo
1376 3637 1520 3703 loco
1542 3636 1740 3721 positi
1760 3637 1876 3702 ubi
1903 3642 2054 3722 post
2078 3638 2199 3703 fuit
2227 3639 2546 3722 templum
2568 3638 2928 3703 maximum
2951 3643 3017 3704 et
3042 3640 3236 3723 prae-

757 3737 1190 3828 clarissimum
1223 3737 1401 3820 quod
1431 3737 1649 3823 solum
1677 3741 1923 3802 norunt
1951 3742 2016 3804 et
2058 3737 2381 3803 Sisinnius
2406 3741 2471 3803 et
2499 3738 2739 3821 Symeo
2767 3739 3235 3822 Metaphrasta.

758 3836 917 3921 quin
947 3837 1146 3902 etiam
1169 3837 1328 3901 illud
1354 3837 1574 3902 nescio
1597 3855 1686 3901 an
1712 3837 2065 3918 superioris
2094 3838 2329 3902 aetatis
2360 3837 2626 3922 aliquod
2648 3836 3123 3904 documentum
3149 3839 3239 3904 sit

759 3937 937 4020 quod
991 3955 1304 4019 paganos
1359 3954 1494 4000 non
1541 3936 1908 4001 haereticos
1959 3936 2276 4020 Archippi
2328 3936 2745 4003 aduersarios
2774 3936 2981 4002 finxit.
3011 3937 3237 4022 itaque

757 4035 926 4101 inter
955 4036 1289 4123 saeculum
1318 4035 1623 4118 quintum
1675 4039 1739 4101 et
1782 4035 2138 4118 septimum
2180 4036 2236 4100 si
2264 4035 2411 4120 quis
2440 4037 2889 4102 narrationem
2920 4036 3254 4121 scriptam

758 4154 904 4200 esse
938 4137 1180 4200 statuet
1209 4134 1391 4201 haud
1419 4134 1610 4217 longe
1641 4153 1682 4199 a
1709 4154 1870 4200 uero
1913 4135 2265 4214 aberrabit,
2299 4136 2570 4219 propius
2592 4135 2647 4212 is
2672 4136 2941 4202 demum
2970 4137 3250 4203 accedet,

757 4234 872 4318 qui
899 4234 1078 4299 illam
1107 4237 1261 4299 ante
1293 4233 1625 4320 saeculum
1646 4254 1732 4299 vn
1760 4235 1847 4301 ab
1874 4235 2098 4319 aliquo
2120 4228 2437 4318 scriptore
2461 4239 2851 4319 usurpatam
2873 4236 3237 4318 deprehen-

756 4333 944 4399 derit.
968 4334 1148 4418 quod
1169 4352 1304 4398 non
1326 4334 1511 4399 facile
1534 4333 1726 4399 alicui
1749 4335 2099 4418 continget.
2114 4354 2270 4400 nam
2292 4334 2394 4399 uir
2414 4335 2651 4400 harum
2680 4354 2903 4401 rerum
2924 4335 3239 4419 peritissi-

754 4454 902 4499 mus
931 4433 1404 4499 Bollandianus
1438 4434 1548 4517 qui
1579 4434 1661 4499 de
1686 4433 2018 4500 Michaelis
2062 4434 2379 4500 miraculo
2407 4434 2664 4517 scripsit
2683 4437 2883 4517 negat
2910 4433 3071 4500 sein
3092 4435 3239 4501 ullis

840 4645 863 4685 ¹
907 4651 1192 4708 Constant.
1241 4652 1453 4724 Porph.
1501 4658 1544 4706 t.
1594 4652 1675 4727 111
1718 4670 1775 4724 p.
1830 4653 1948 4709 383
1992 4672 2068 4708 ss,
2126 4655 2305 4709 Bonn.
2342 4685 2424 4694 --
2465 4647 2492 4685 2
2520 4655 2646 4711 AA.
2694 4657 2789 4712 δ’δ’.
2835 4662 2976 4728 sept.
3020 4662 3061 4712 t.
3107 4657 3240 4713 VIII

752 4753 810 4807 p.
840 4734 917 4791 39
941 4736 984 4790 F
1008 4741 1044 4803 ἓ
1079 4735 1187 4791 191
1215 4756 1229 4803 ;
1265 4737 1336 4791 cf.
1365 4734 1535 4791 etiam
1557 4735 1625 4789 P.
1662 4735 1907 4800 Batiffol,
1941 4737 2101 4791 stud.
2125 4740 2361 4826 patrist.
2390 4742 2433 4791 t.
2468 4738 2495 4792 I
2520 4756 2577 4809 p.
2615 4738 2715 4794 33.
