3650 5684
1027 437 1116 489 DE
1169 437 1425 490 IOANNE
1478 437 1568 490 ΕΤ
1617 439 1946 491 PHILIPPO
1998 440 2380 492 APOSTOLIS
2803 441 2931 492 XIX

462 633 634 695 taret
682 632 749 694 et
796 626 1225 695 uanissimam
1280 634 1475 694 'suum
1537 628 1697 694 illud
1747 633 2198 695 ‘commentum
2245 630 2442 713 quasi
2482 632 2927 714 apostolorum
3003 682 3007 686 .
3063 678 3066 685 ·

462 730 851 795 auctoritate
873 726 1182 793 firmaret.
1206 728 1392 793 multi
1418 727 1759 793 etiamtum
1805 732 1954 793 acta
1975 729 2085 793 illa
2125 730 2501 812 apocrypha
2523 750 2673 795 cum
2695 732 2928 796 ceteris

460 828 612 892 uit-is
635 831 1012 893 sanctorum
1036 831 1102 891 et
1125 827 1454 892 miraculis
1485 826 1886 907 lectitabant,
1913 827 2100 892 multi
2131 827 2239 891 illa
2260 830 2576 894 memoria
2596 831 2927 909 tenebant,

463 945 677 1008 neque
706 926 912 1008 magis
962 926 1074 991 illa
1130 946 1332 1009 quam
1390 930 1506 992 aut
1534 925 1844 991 Abrahae
1886 929 2000 991 aut
2028 927 2266 1010 Moysis
2310 931 2424 991 aut
2472 927 2618 993 Iesu
2660 928 2832 994 facta
2860 933 2929 995 et

463 1024 638 1090 dicta
662 1045 742 1089 ex
772 1024 950 1089 libris
980 1025 1186 1107 repet-i
1214 1044 1485 1090 necesse
1510 1028 1650 1089 erat
1685 1047 1701 1089 t
1730 1025 2106 1090 hominibus
2135 1029 2211 1091 ut
2240 1030 2381 1090 tum
2425 1029 2609 1091 erant
2632 1026 2926 1092 litteratis

462 1144 543 1190 ea
563 1123 784 1188 omnia
807 1124 872 1188 in
897 1126 1204 1206 promptu
1230 1127 1436 1188 erant.
1450 1124 1628 1207 quod
1652 1125 1763 1206 qui
1791 1125 2200 1202 concesserit,
2214 1125 2409 1190 etiam
2434 1144 2603 1207 quae
2626 1125 2708 1189 de
2718 1125 2929 1192 Diana

460 1223 546 1287 ab
575 1222 819 1286 Ioanne
850 1222 1108 1304 Epheso
1154 1221 1429 1304 depulsa
1472 1225 1796 1286 memorat
1824 1242 1905 1287 ex
1934 1224 2095 1287 actis
2126 1222 2382 1287 Ioannis
2408 1224 2430 1262 ¹
2457 1224 2515 1287 ei
2543 1226 2700 1287 nota
2729 1224 2925 1289 fuisse

459 1321 658 1397 dabit,
685 1340 857 1403 quae
909 1324 975 1385 et
1002 1320 1287 1385 Zahnius
1319 1323 1384 1385 et
1432 1320 1689 1402 Lipsius
1747 1326 1822 1385 ut
1866 1326 2006 1386 erat
2045 1326 2553 1387 consentaneum
2583 1342 2663 1389 ex
2693 1322 2925 1388 eodem

461 1421 627 1486 libro
658 1425 924 1503 sumpta
964 1425 1201 1503 putant
1243 1441 1322 1486 ac
1350 1421 1603 1504 reliqua
1650 1421 1759 1485 illa
1803 1421 1885 1485 de
1927 1421 2169 1486 Ioanne
2211 1426 2276 1486 et
2316 1421 2614 1504 Philippo
2640 1425 2925 1486 narrata.

460 1522 681 1603 itaque
723 1540 845 1585 nec
896 1524 1043 1585 acta
1074 1520 1352 1602 Philippi
1406 1520 1724 1602 fingemus
1755 1520 2011 1585 Ioannis
2043 1520 2216 1585 facta
2245 1520 2570 1602 Ephesina
2617 1539 2738 1585 nec
2780 1524 2927 1588 acta

461 1619 719 1684 Ioannis
749 1619 1032 1701 Philippi
1061 1620 1235 1684 facta
1258 1618 1753 1700 Hierapolitana
1784 1638 2351 1694 commemorasse,
2380 1619 2498 1684 sed
2528 1639 2606 1684 ex
2634 1620 2926 1702 utrisque

461 1718 790 1801 quaedam
813 1722 1109 1795 nostrum
1133 1718 1519 1801 scriptorem
1560 1737 1728 1801 quae
1760 1719 2125 1783 meminerit
2167 1719 2512 1801 protulisse
2542 1722 2923 1783 statuemus,

460 1818 666 1881 uerba
688 1821 910 1881 autem
941 1817 1049 1881 illa
1077 1820 1140 1889 ἦν
1167 1823 1272 1898 γὰρ
1303 1823 1393 1876 καὶ
1422 1819 1582 1883 αὸτὸς
1607 1819 1864 1894 πολεμῶν
1910 1822 2043 1894 μετὰ
2072 1828 2169 1888 τῆς
2211 1817 2420 1899 ἐχίδνης
2444 1836 2575 1881 non
2605 1836 2752 1881 cum
2777 1817 2924 1899 Lip-
3039 1899 3052 1909 ι

460 1916 556 1979 510
578 1915 605 1953 ²
658 1935 738 1980 ex
770 1916 929 1981 actis
976 1915 1257 1998 Philippi
1286 1901 1550 1981 fluxisse
1580 1915 1968 1980 crediderim
1997 1916 2112 1979 sed
2145 1934 2185 1979 a
2205 1916 2516 1997 scriptore
2545 1935 2622 1980 eo
2657 1916 2923 1981 consilio

462 2014 713 2079 adiecta
766 2034 908 2078 esse
955 2018 1030 2078 ut
1085 2015 1331 2078 itineris
1380 2015 1648 2079 Ioannei
1699 2013 2178 2095 Hierapolitani
2229 2015 2550 2079 rationem
2599 2014 2920 2079 redderet.

460 2113 701 2178 scilicet
721 2113 929 2195 ἔχιδναν
952 2112 1220 2177 rebatur
1249 2113 1530 2177 eandem
1560 2132 1703 2178 esse
1733 2133 1812 2177 ac
1856 2116 2227 2194 serpentem
2257 2113 2600 2194 antiquum
2628 2112 2734 2176 uel
2781 2112 2921 2177 dia-

459 2214 810 2292 bolum,‚rei
833 2206 1222 2278 christianae
1253 2215 1376 2278 sub
1401 2213 1692 2295 qualibet
1716 2232 2000 2295 persona
2027 2217 2427 2278 uenenatum
2457 2216 2520 2277 et
2541 2214 2920 2295 pestiferum

458 2303 927 2377 aduersarium.
951 2315 1257 2378 accurata
1287 2315 1509 2377 autem
1539 2312 1804 2395 uiperae
1844 2312 2190 2394 descriptio
2222 2312 2401 2395 quod
2421 2318 2597 2377 nunc
2625 2313 2812 2376 abest
2833 2313 2919 2376 ab

458 2411 620 2475 actis
648 2411 946 2493 Philippi,
969 2411 1038 2475 id
1061 2411 1323 2494 quidem
1353 2430 1488 2475 non
1509 2411 1896 2475 mirabimur
1925 2412 1977 2474 si
2002 2414 2359 2475 retractata
2382 2430 2460 2475 ea
2482 2413 2548 2474 et
2582 2413 2919 2477 contracta

459 2529 602 2574 esse
644 2510 1170 2592 reputauerimus
1212 2510 1260 2574 ⁸.
1298 2510 1512 2574 locum
1557 2510 1668 2573 illa
1711 2509 1942 2573 habuit
1983 2514 2546 2592 peropportunum
2589 2529 2730 2591 cap.
2763 2529 2866 2574 .v11
2891 2509 2919 2548 ⁴

453 2612 604 2691 post
649 2610 930 2691 primam
986 2608 1268 2691 Philippi
1317 2609 1700 2673 orationem.
1768 2612 1835 2672 et
1877 2608 1964 2672 ibi
2018 2612 2082 2673 et
2131 2609 2326 2691 paulo
2375 2612 2527 2691 post
2576 2609 2603 2648 ⁵
2660 2611 2921 2692 praeter

455 2708 752 2789 uiperam
782 2709 890 2772 alii
912 2712 1249 2790 serpentes
1272 2707 1386 2772 filii
1410 2708 1547 2773 eius
1571 2711 2039 2786 memorantur,
2061 2707 2227 2772 sicut
2248 2706 2418 2772 infra
2439 2708 2497 2784 2,
2522 2708 2560 2773 2
2581 2727 2666 2772 55.
2691 2707 2919 2790 uipera

455 2808 857 2891 serpentium
885 2807 1097 2888 prima
1120 2827 1264 2871 esse
1308 2807 1540 2871 dicitur
1570 2810 1634 2871 et
1662 2806 1925 2888 reliquis
1956 2807 2258 2871 omnibus
2298 2805 2519 2888 stipari
2554 2810 2614 2869 et
2640 2806 2912 2871 circum-

454 2905 614 2970 dari.
640 2904 921 2988 denique
976 2925 1058 2969 ne
1107 2905 1609 2986 descriptionem
1661 2903 1930 2986 quidem
1979 2904 2158 2968 1113111
2186 2904 2274 2968 ad
2315 2904 2591 2969 uerbum
2624 2923 2705 2967 ex
2754 2905 2913 2968 actis

452 3003 797 3085 repetitam
829 3004 1235 3082 crediderim,
1266 3004 1384 3068 sed
1414 3003 1635 3067 omnia
1657 3023 1738 3068 ex
1760 3003 2079 3068 memoria
2101 3003 2492 3085 deprompta
2521 3005 2588 3068 et
2611 3004 2696 3068 ad
2723 3022 2918 3068 usum

456 3107 1234 3186 praesentem‘conuersa.
1847 3168 1852 3173 .

534 3201 631 3266 De
650 3201 793 3266 loco
824 3203 936 3284 qui
967 3203 1377 3285 Chaeretopa
1411 3202 1646 3267 dicitur
1674 3201 1872 3283 paulo
1901 3204 2050 3283 post
2072 3204 2439 3284 quaeretur.
2472 3202 2653 3265 cuius
2675 3220 2918 3265 nomen

452 3320 532 3365 ex
561 3296 719 3365 actis
747 3309 876 3365 huc
904 3302 1294 3366 translatum
1325 3301 1631 3384 equidem
1654 3301 2229 3378 crediderim‚nam
2262 3300 2372 3364 uix
2400 3299 2585 3364 aliter
2613 3299 2916 3381 expedie-

446 3403 552 3464 tur
579 3400 905 3482 negotium
940 3400 1117 3482 quod
1144 3420 1219 3464 eo
1242 3401 1506 3466 nomine
1532 3400 1873 3465 facessitur
1901 3399 2279 3464 maximum.
2322 3398 2651 3480 apostolos
2694 3401 2917 3464 autem

334 3500 337 3503 ‘
452 3499 648 3562 ambo
680 3519 758 3562 eo
779 3518 1158 3581 progressos
1184 3518 1327 3563 esse
1359 3503 1424 3564 et
1444 3499 1535 3563 ibi
1559 3499 1932 3564 consedisse
1959 3498 2072 3562 uix
2091 3497 2305 3580 potuit
2326 3498 2393 3561 in
2414 3497 2575 3562 actis
2604 3498 2915 3579 scriptum

453 3616 618 3662 esse.
663 3599 864 3662 immo
895 3618 976 3662 ex
1006 3598 1098 3661 eis
1127 3598 1196 3661 in
1226 3599 1446 3662 codice
1489 3597 1540 3662 C
1572 3601 1638 3662 et
1682 3598 1861 3679 apud
1892 3597 2407 3678 Metaphrastam
2436 3617 2587 3661 eum
2629 3616 2917 3661 errorem

450 3700 810 3762 correctum
842 3717 984 3761 esse
1035 3717 1238 3778 supra
1267 3697 1293 3734 ⁶
1343 3697 1957 3761 demonstrauimus
2010 3697 2153 3759 fons
2205 3695 2487 3783 denique
2520 3696 2706 3790 aquis
2737 3695 2913 3761 53111-

448 3797 699 3861 taribus
723 3796 1019 3876 quodibi
1063 3796 1149 3860 ad
1192 3796 1637 3878 apostolorum
1669 3795 2186 3876 praedictionem
2236 3795 2542 3861 exsistere
2591 3797 2915 3873 narratur,

447 3895 514 3960 id
543 3914 701 3960 uero
731 3913 1053 3977 perquam
1096 3894 1401 3958 credibile
1447 3882 1546 3958 est
1575 3913 1750 3957 nunc
1793 3894 2060 3957 demum
2092 3893 2279 3957 adici.
2322 3893 2448 3957 hoc
2498 3893 2670 3957 enim
2715 3892 2913 3970 fonte,

450 3994 536 4059 ad
587 4013 784 4076 quem
835 3993 1140 4075 deinceps
1171 3994 1528 4057 oratorium
1568 3993 1987 4057 aedificatum
2026 3995 2091 4057 et
2132 3992 2451 4056 malorum
2483 3991 2731 4055 insidiis
2761 4011 2913 4057 eum

448 4093 725 4175 petitum
748 4095 811 4156 et
839 4091 1168 4156 Michaelis
1199 4093 1570 4156 interuentu
1599 4095 2060 4155 conseruatum
2086 4110 2229 4154 esse
2251 4090 2465 4165 refert,
2493 4089 2596 4154 hic
2638 4089 2915 4172 scriptor

446 4210 669 4256 carere
715 4211 849 4255 non
898 4193 1173 4273 poterat,
1204 4191 1425 4264 imm0‚
1469 4191 1590 4254 nisi
1638 4190 1781 4254 10115
1835 4193 1902 4254 et
1950 4191 2308 4253 oratorium
2358 4189 2650 4267 fuissent,
2694 4208 2910 4271 neque

446 4288 821 4353 inueniendi
871 4308 1086 4371 neque
1134 4288 1446 4352 narrandi
1489 4287 1783 4352 miraculi
1836 4307 2036 4351 causa
2078 4287 2325 4351 fuisset.
2355 4291 2647 4351 actorum
2690 4288 2911 4350 autem

445 4387 706 4452 fabulae
733 4406 867 4452 non
917 4388 1131 4453 solent
1173 4388 1266 4452 ita
1303 4407 1452 4452 cum
1495 4386 1998 4452 christianorum
2041 4386 2197 4450 locis
2242 4386 2485 4450 sanctis
2529 4385 2909 4450 coniunctae

534 4620 555 4657 ¹
601 4625 686 4680 Cf.
736 4625 978 4696 LipsiuS,
1026 4626 1098 4682 D.
1142 4643 1237 4695 ap.
1292 4623 1704 4694 Apostelqesch.
1753 4625 1780 4678 I
1822 4641 1879 4693 p.
1943 4622 2061 4678 430
2113 4642 2162 4678 5.
2212 4654 2294 4662 ——
2336 4617 2361 4654 2
2410 4623 2464 4677 Π
2495 4623 2530 4676 2
2569 4640 2625 4693 p.
2681 4622 2779 4677 25.
2827 4653 2910 4661 —-

443 4702 472 4740 ⁸
501 4707 586 4763 Cf.
621 4708 863 4779 LipsiuS,
896 4708 950 4761 II
995 4708 1030 4762 2
1061 4726 1118 4777 p.
1156 4707 1277 4781 223
1328 4707 1405 4762 24
1442 4727 1455 4774 3
1492 4708 1565 4760 31.
1604 4738 1684 4746 -
1724 4699 1754 4737 4
1803 4707 1871 4760 P.
1924 4705 2001 4759 77
2054 4706 2435 4760 Tischendorf.
2471 4736 2553 4744 ——
2602 4700 2628 4738 ⁵
2658 4705 2792 4776 Cap.
2833 4704 2907 4759 17

450 4809 509 4863 p.
545 4791 643 4846 81.
680 4784 810 4830 -6
839 4792 907 4845 Ρ.
938 4807 1061 4845 xm.

2963 0 3067 11 ιιι-..ιιι

3185 0 3262 11 u*

3354 0 3435 9 *nume
