3650 5684
752 423 978 477 XXXVI
1807 422 2039 476 CAPVT
2088 423 2162 476 VI

750 613 910 679 illud
938 613 1066 678 sita
1113 613 1395 678 inuisere
1443 615 1752 678 curasset.
1805 611 2096 677 eiusdem
2143 614 2364 677 autem
2408 612 2813 695 ignorantiae
2844 618 2944 679 est
2972 614 3210 679 mirum

751 712 908 777 illud
951 712 1035 776 de
1080 711 1277 794 Lycia
1313 713 1672 793 peccatum.
1717 710 1895 793 quod
1922 729 2158 774 uereor
2197 714 2266 774 ut
2308 712 2516 793 possit
2544 711 2636 775 ita
2665 713 3046 794 corrigendo
3074 713 3212 777 tolli

748 815 824 875 ut
860 811 1063 876 Λυδίας
1090 830 1210 893 pro
1236 810 1447 876 Λυκίας
1474 809 1817 874 scribatur.
1846 828 2004 873 nam
2047 808 2306 873 etiamsi
2349 807 2529 873 fluuii
2558 809 2647 873 illi
2675 810 2950 894 Lydiam
2978 831 3209 876 uersus

749 909 1216 987 fluerent,>non
1256 908 1380 973 hoc
1425 907 1774 973 dicendum
1806 912 1966 986 erat,
1998 907 2117 971 sed
2154 906 2221 971 in
2261 908 2692 972 Maeandrum
2724 912 2839 974 aut
2868 910 2933 975 in
2964 910 3210 994 Lycum

748 1028 863 1074 eos
891 1008 1183 1073 influere.
1211 1007 1549 1072 Maeandri
1579 1007 1753 1071 enim
1782 1025 2011 1071 cursus
2041 1007 2125 1070 ab
2152 1006 2359 1090 Lydia
2389 1026 2500 1071 eos
2536 1009 2818 1072 arcebat.
2847 1028 2969 1073 nec
2999 1011 3213 1091 potuit

749 1109 1096 1192 quisquam
1121 1107 1334 1172 dicere
1362 1108 1653 1171 locorum
1682 1105 2096 1170 mediocriter
2117 1107 2363 1188 peritus
2392 1105 2627 1171 fluuios
2649 1126 2690 1171 a
2715 1107 2962 1172 Cadmo
2991 1112 3213 1174 monte

746 1205 1131 1282 defluenteS,
1160 1203 1313 1269 dein
1341 1204 1755 1268 dextrorsum
1786 1222 1859 1267 se
1889 1205 2365 1281 conuertenteS,
2397 1205 2839 1282 ἀνακάμπτοντας
2869 1208 2940 1271 εἰς
2962 1211 3030 1265 τὰ
3074 1205 3213 1274 δεξιά

747 1305 872 1389 (10,
882 1304 968 1385 9),
994 1300 1267 1388 Lydiam
1289 1321 1519 1367 uersus
1541 1302 1762 1367 fluere.
1788 1301 2230 1366 sinistrorsum
2260 1302 2432 1365 enim
2455 1301 2716 1367 flectere
2743 1323 2815 1367 se
2846 1306 3210 1386 oportebat.

750 1468 753 1471 .
833 1402 970 1470 lam
1019 1403 1212 1484 igitur
1267 1401 1394 1465 hoc
1435 1401 1796 1467 uidendum
1827 1404 1947 1477 est,
1998 1399 2354 1466 oratorium
2405 1401 2741 1467 Michaelis
2793 1407 2859 1467 et
2895 1403 3213 1486 templum

751 1501 1092 1568 Chonense
1144 1501 1211 1565 in
1254 1501 1394 1565 eius
1444 1499 1586 1565 loco
1635 1499 2051 1565 aedificatum
2101 1504 2324 1565 utrum
2372 1499 2567 1565 fuerit
2594 1501 2657 1565 in
2703 1501 2847 1584 ipsa
2886 1501 3041 1584 Lyci
3068 1501 3213 1583 ripa

751 1602 1054 1685 positum,
1096 1599 1209 1664 ubi
1271 1597 1560 1663 Hamilto
1617 1599 1920 1666 Colossas
1972 1599 2172 1664 fuisse
2229 1598 2403 1676 dicit,
2454 1619 2540 1664 an
2576 1600 2775 1682 paulo
2833 1601 3045 1677 altiuS,
3102 1599 3214 1665 ubi

749 1701 1017 1766 Khonas
1046 1700 1228 1764 uicus
1263 1717 1436 1764 nunc
1478 1698 1641 1763 situs
1675 1702 1791 1763 est.
1820 1698 1980 1762 illud
2008 1702 2084 1762 ut
2125 1698 2476 1781 probemus
2508 1718 2640 1763 una
2668 1703 2843 1764 certe
2884 1719 3084 1764 causa
3113 1702 3212 1764 est

749 1799 1106 1882 peridonea
1135 1816 1362 1862 cursus
1390 1796 1497 1860 ille
1528 1797 1680 1879 Lyci
1711 1815 1916 1879 prope
1940 1796 2241 1861 Colossas
2271 1797 2757 1863 subterraneus.
2789 1818 2922 1881 qua
2953 1818 3214 1881 permo-

748 1903 856 1963 tus
899 1897 1121 1966 Haase
1154 1897 1176 1934 ¹
1206 1895 1425 1978 magni
1463 1894 1804 1960 cuiusdam
1846 1895 2124 1960 aedificii
2172 1895 2414 1961 rudera
2459 1917 2630 1979 quae
2677 1897 2763 1961 ad
2807 1899 2960 1980 Lyci
3000 1897 3213 1980 ripam

751 1997 965 2081 posita
988 1998 1175 2061 erant
1197 1994 1426 2077 templi
1449 1994 1778 2059 Michaelis
1800 1993 2105 2076 reliquias
2131 2013 2274 2058 esse
2298 1995 2666 2076 suspicatus
2689 1999 2806 2061 est.
2820 2000 3018 2079 atque
3039 1997 3212 2061 idem

750 2097 1109 2178 -RamsayO,
1140 2112 1542 2178 quamquam
1593 2092 1648 2158 is
1693 2093 1776 2157 de
1805 2094 1979 2176 Lyco
2009 2093 2327 2170 dissentit,
2358 2094 2694 2175 probabile
2722 2095 2932 2160 uideri
2960 2115 3160 2178 supra
3187 2095 3216 2134 2

754 2194 1372 2259 demonstrauimus
1404 2196 1472 2257 at
1500 2194 1722 2257 obstat
1763 2193 1961 2276 quod,
1991 2211 2139 2257 cum
2182 2193 2538 2257 oratorium
2579 2194 2910 2259 Michaelis
2949 2198 3214 2278 septua-

749 2295 930 2377 ginta
952 2294 1250 2359 ulnarum
1275 2293 1619 2358 interuallo
1641 2292 1727 2357 ab
1754 2313 1917 2376 rupe
1938 2294 2236 2357 inmensa
2265 2294 2508 2358 afuisse
2539 2293 2970 2372 dicatur,illae
2998 2294 3213 2377 parie-

748 2386 926 2458 tinae
949 2413 1113 2476 quas
1135 2392 1423 2464 Hamilto
1445 2392 1473 2431 ³
1493 2393 1658 2457 uidit
1684 2392 1752 2456 in
1775 2391 1993 2457 media
2021 2393 2289 2474 planitie
2319 2392 2571 2474 positae
2595 2395 2798 2457 erant.
2816 2393 3052 2457 deinde
3081 2396 3213 2457 tres

753 2492 933 2557 fluuii
972 2483 1062 2556 ibi
1104 2491 1446 2567 coniuncti,
1477 2492 1687 2574 Lycus
1731 2511 1848 2556 seu
1875 2490 2304 2556 Tchoruk-Su
2329 2511 2476 2555 cum
2508 2491 2767 2555 duobus
2797 2491 2958 2568 aliis,
2988 2491 3093 2555 Ak
3120 2491 3213 2555 Su

752 2595 818 2657 et
844 2591 1110 2656 Bounar
1153 2591 1373 2669 Bashi,
1401 2590 1487 2655 ad
1530 2611 1677 2655 eum
1722 2590 1937 2655 locum
1966 2591 2359 2673 perueniunt
2402 2590 2513 2654 ubi
2556 2591 2766 2674 Lycus
2817 2591 2939 2655 sub
2969 2595 3211 2655 terram

753 2689 1166 2755 descendisse
1194 2689 1445 2767 dicitur,
1491 2689 1655 2754 duos
1685 2691 1962 2767 tantum,
1993 2689 2295 2770 Cuphum
2325 2693 2389 2754 et
2430 2690 2895 2772 Lycocaprum,
2939 2689 3213 2772 scriptor

751 2808 1114 2872 anonymus
1142 2792 1487 2866 memorat,
1517 2807 1637 2853 nec
1656 2788 1899 2871 Lycum
1933 2788 2220 2853 nobilem
2247 2788 2521 2853 fluuium
2551 2787 2675 2864 hic,
2691 2790 2742 2852 si
2767 2787 2964 2853 modo
2989 2788 3214 2855 Colos-

751 2908 858 2954 sas
879 2907 1196 2970 umquam
1224 2887 1498 2964 uiderat,
1529 2889 1825 2969 ignorare
1855 2891 1921 2951 et
1949 2887 2075 2951 alio
2099 2887 2361 2952 nomine
2391 2887 2754 2968 significare
2786 2888 3214 2970 potuit.prae-

748 2991 929 3052 terea
956 3006 1188 3051 uereor
1216 3005 1299 3050 ne
1328 2980 1600 3051 nimium
1636 2986 1753 3050 fiat
1800 2987 1972 3050 inter
2014 2986 2369 3053 oratorium
2413 2986 2500 3050 ad
2544 2987 2791 3069 Lycum
2833 2987 3117 3069 positum
3149 2989 3214 3051 et

750 3090 1007 3151 montes
1061 3086 1128 3149 in
1179 3085 1412 3168 quibus
1462 3085 1641 3150 fluuii
1684 3085 2063 3150 oriebantur
2116 3085 2529 3149 interuallum
2582 3104 2701 3167 per
2750 3086 2928 3168 quod
2966 3086 3214 3175 fossam

751 3186 1014 3251 duxisse
1054 3185 1294 3266 pagani
1336 3184 1640 3249 dicuntur
1664 3184 1710 3248 ⁴.
1742 3184 2025 3267 denique
2055 3203 2296 3248 nomen
2338 3184 2733 3262 Chonarum,
2755 3184 2824 3248 id
2862 3185 3039 3268 quod
3080 3185 3215 3249 iam

751 3301 950 3367 supra
978 3284 1371 3364 rogauimuS,
1396 3302 1512 3347 cur
1533 3288 1839 3366 putemus
1869 3284 2083 3366 primo
2115 3303 2259 3348 esse
2290 3283 2572 3349 Colossis
2601 3283 2974 3366 inpositum,
2984 3287 3217 3366 postea

751 3384 838 3450 ad
870 3403 1018 3459 eum
1043 3383 1258 3447 locum
1286 3383 1674 3447 translatum
1704 3383 1814 3466 qui
1843 3401 2018 3447 nunc
2038 3382 2306 3447 Khonas
2329 3383 2713 3464 appellatur,
2736 3402 2813 3447 ac
2841 3401 2974 3446 non
3000 3383 3217 3465 potius

752 3482 983 3548 eodem
1011 3481 1152 3546 loco
1182 3502 1442 3564 semper
1467 3501 1708 3546 nomen
1747 3482 2058 3560 haesisse,
2085 3481 2386 3546 homines
2416 3481 2834 3547 Colossenses
2863 3482 3217 3565 aliquando

751 3581 967 3646 locum
997 3584 1330 3646 mutasse?

754 3730 762 3736 .
831 3680 1066 3744 Restat
1093 3684 1166 3744 ut
1188 3700 1340 3745 eum
1367 3680 1580 3745 locum
1612 3678 1725 3763 qui
1744 3698 1918 3744 nunc
1938 3679 2206 3744 Khonas
2236 3679 2470 3744 dicitur
2492 3680 2997 3745 consideremus
3020 3700 3218 3764 quem

752 3778 844 3844 sic
874 3779 1181 3844 describit
1223 3779 1325 3843 Fr.
1368 3779 1442 3843 V.
1485 3779 1530 3842 I.
1575 3779 1893 3844 Arundell
1917 3779 1943 3818 ⁵
1968 3801 1983 3843 :
2011 3778 2281 3843 Khonas
2309 3779 2518 3861 inquit
2548 3780 2965 3861 peruenimus
2998 3781 3219 3845 uicum

751 3878 1287 3945 amoenissimum
1317 3878 1439 3942 sub
1460 3878 1755 3942 inmenso
1778 3878 2016 3942 montis
2040 3877 2268 3942 Cadmi
2292 3877 2442 3960 iugo
2466 3878 2681 3956 situm,
2697 3878 2811 3961 qui
2833 3882 2981 3961 post
3000 3878 3219 3943 uicum

753 3977 996 4043 eminet
1067 3976 1422 4041 altissimus
1490 3979 1554 4041 et
1597 3980 2008 4059 praeruthS,
2052 3976 2449 4059 quibusdam
2497 3976 2652 4041 locis
2709 3978 2868 4059 pinu
2911 3977 3219 4055 consitUS,

753 4076 906 4165 alibi
936 4076 1137 4140 humo
1160 4076 1395 4152 nudus,
1426 4075 1735 4139 inmensis
1759 4075 2045 4139 hiatibus
2071 4079 2136 4139 et
2158 4076 2485 4158 specubus
2508 4076 2932 4140 intersciSSUS.
2962 4076 3219 4143 adiacet

753 4175 840 4240 ad
867 4174 1135 4239 Khonas
1167 4193 1205 4238 a
1246 4178 1435 4257 parte
1478 4175 1727 4257 postica
1768 4173 1985 4238 hiatus
2028 4175 2292 4257 quidam
2337 4175 2578 4239 montis
2614 4174 3109 4257 angustissimus
3153 4177 3220 4238 et

752 4274 1165 4354 praeruptuS,
1196 4271 1441 4336 exitum
1482 4271 1806 4354 praebens
1856 4290 2094 4353 magno
2145 4272 2417 4335 torrenti
2466 4271 2578 4354 qui
2628 4291 2664 4335 e
2708 4275 2932 4336 monte
2973 4271 3218 4351 defluit,

753 4370 935 4436 cuius
963 4371 1190 4435 alueus
1219 4373 1376 4435 tunc
1401 4389 1609 4452 paene
1639 4370 1846 4435 siccus
1876 4373 2037 4436 erat.
2064 4371 2129 4435 in
2160 4389 2418 4435 summo
2448 4374 2674 4435 autem
2714 4389 2894 4448 saxo,
2925 4389 3094 4454 quae
3121 4373 3221 4435 est

838 4601 858 4640 ¹
893 4607 1140 4677 Allyem.
1175 4606 1627 4676 Encyklopaedie
1651 4623 1757 4660 von
1785 4606 1962 4661 Ersch
1991 4606 2105 4660 und
2136 4605 2373 4670 Gruber‚
2394 4605 2475 4660 III
2503 4611 2547 4660 t.
2582 4607 2746 4662 XXV
2774 4626 2821 4663 S.
2841 4626 2901 4662 u.
2922 4607 3219 4677 Phry—qim

751 4709 808 4762 p.
839 4689 980 4746 266.
1011 4719 1095 4730 —-
1122 4683 1150 4720 ²
1179 4687 1266 4743 Cf.
1301 4707 1358 4760 p.
1400 4705 1588 4744 xxxn.
1635 4718 1718 4741 .-—
1756 4682 1785 4722 ⁸
1814 4688 2118 4753 Hamilton,
2153 4688 2513 4755 Researches,
2550 4689 2577 4744 Ι
2613 4707 2670 4760 p.
2724 4689 2838 4744 511
2872 4710 2887 4758 ς
2928 4691 3001 4744 cf.
3048 4706 3219 4761 supra

750 4792 808 4846 p.
843 4789 1008 4830 xxxl.
1045 4802 1125 4812 —
1147 4764 1178 4803 4
1220 4771 1280 4837 8,
1316 4771 1417 4830 21.
1458 4801 1541 4813 -—
1580 4764 1610 4804 ⁵
1635 4772 1686 4826 A
1725 4772 1866 4826 Vis-it
1886 4780 1939 4826 to
1960 4771 2051 4826 the
2078 4788 2239 4825 seven
2266 4770 2537 4826 churches
2555 4773 2797 4844 ofAsia,
2832 4791 2890 4844 p.
2920 4772 3021 4827 94.
