3650 5684
854 456 930 507 VI
1941 455 2173 507 CAPVT
2223 456 2249 507 1

857 645 1133 710 decebat
1161 647 1228 709 et
1257 645 1429 709 male
1459 645 1756 710 cumillis
1789 645 2113 720 cohaeret,
2140 645 2228 709 ita
2253 664 2338 709 ne
2369 645 2587 727 ipsum
2618 646 2883 728 quidem
2909 649 3220 714 concinne
3246 655 3301 714 et

856 744 1105 809 affabre
1127 744 1371 807 factum
1401 747 1520 807 est.
1544 763 1623 808 ea
1651 744 1825 808 enim
1856 764 2028 826 quae
2072 744 2154 808 de
2182 744 2413 825 uipera
2441 744 2940 827 Hierapolitana
2966 752 3311 813 narrantur

857 843 1158 925 quamuis
1196 843 1452 906 illarum
1500 862 1720 906 rerum
1764 842 2075 907 studiosis
2105 843 2290 908 utilia
2319 843 2633 925 pleraque
2657 846 2879 909 tamen
2910 850 3064 910 sunt
3095 867 3309 929 super-

853 960 1166 1006 uacanea.
1188 940 1306 1004 sed
1326 940 1667 1004 inuenerat
1689 960 1768 1004 ea
1791 959 1964 1023 quae
1988 941 2071 1005 de
2093 941 2404 1022 apostolis
2428 941 2628 1005 refert
2647 942 2714 1005 in
2737 944 2898 1007 actis
2922 944 3303 1028 apocryphis

859 1045 924 1105 et
953 1060 1083 1123 quo
1109 1039 1347 1104 librum
1390 1058 1582 1102 suum
1611 1039 1971 1121 adaugeret
1998 1040 2303 1121 repetiuit
2332 1040 2530 1104 homo
2553 1040 2910 1106 indisertus
2942 1061 3141 1125 quam
3173 1044 3303 1126 plu-

857 1139 1096 1204 rimum
1119 1158 1200 1202 ex
1221 1138 1530 1202 illis.item
1555 1139 1914 1202 oratorium
1943 1139 2008 1202 in
2034 1139 2172 1204 loco
2197 1139 2603 1221 Chaeretopa
2629 1139 2803 1205 dieto
2835 1161 2873 1204 a
2898 1161 3028 1223 quo
3052 1145 3166 1206 aut
3195 1162 3312 1225 qua

860 1239 942 1303 de
986 1257 1184 1302 causa
1217 1237 1632 1301 aedificatum
1668 1241 1843 1301 esset
1899 1256 2031 1301 non
2075 1238 2354 1302 multum
2384 1257 2612 1302 eorum
2660 1239 2975 1304 intererat
3003 1240 3168 1305 scire
3214 1231 3312 1324 qui

859 1336 1242 1402 miraculum
1276 1336 1605 1400 Michaelis
1628 1336 1857 1400 lecturi
1886 1338 2088 1401 erant.
2113 1356 2267 1400 nam
2293 1356 2701 1418 paganorum
2724 1338 2822 1402 ira
2845 1342 2909 1403 et
2937 1339 3162 1404 odium
3189 1360 3308 1404 non

859 1438 998 1500 tam
1027 1435 1133 1498 illo
1184 1434 1708 1499 accendebantur
1737 1454 1939 1517 quam
1976 1454 2152 1517 aqua
2195 1435 2305 1499 illa
2355 1434 2647 1500 mirifica.
2682 1435 2764 1500 de
2807 1436 3073 1502 homine
3105 1442 3311 1503 autem

856 1533 1229 1599 Laodiceno
1261 1553 1336 1598 ac
1365 1534 1582 1615 puella
1611 1538 1796 1598 muta
1823 1533 2089 1597 oratorii
2120 1534 2567 1599 conditoribus
2613 1555 2783 1617 quae
2813 1539 2927 1600 aut
2971 1556 3053 1601 ex
3102 1524 3310 1602 oribus

860 1634 1228 1698 accolarum
1259 1636 1376 1697 aut
1406 1653 1487 1696 ex
1518 1632 1733 1714 aliquo
1757 1633 2289 1698 commentariolo
2331 1633 2551 1698 hausit
2581 1638 2693 1699 aut
2724 1634 2865 1716 ipse
2912 1637 3311 1718 excogitauit,

859 1734 983 1797 nisi
1013 1733 1178 1796 forte
1206 1731 1472 1813 uolgare
1496 1731 1863 1813 prodigium
1894 1732 1978 1796 ab
2003 1732 2131 1796 alio
2175 1732 2335 1808 loct),
2367 1732 2434 1797 in
2458 1752 2587 1814 quo
2618 1734 2865 1797 factum
2892 1755 3035 1798 esse
3057 1735 3311 1816 legerat,

861 1833 946 1897 ad
1007 1831 1182 1895 hunc
1237 1830 1584 1907 transtulit,
1637 1849 1716 1895 ea
1765 1849 1851 1894 ne
1902 1844 2404 1913 'superuacanea
2467 1832 2847 1897 uiderentur
2912 1834 3115 1898 artius
3173 1854 3313 1898 cum

860 1929 1174 2010 Archippi
1196 1927 1629 2009 prosmonarii
1651 1928 1848 1990 rebus
1881 1928 2180 2010 coniungi
2203 1928 2509 2009 oportuit.

942 2028 1080 2091 Iam
1126 2028 1208 2091 de
1237 2029 1381 2108 ipsa
1425 2026 1801 2090 narratione
1832 2028 2057 2108 paucis
2105 2027 2547 2091 absoluemuS.
2580 2048 2657 2092 ea
2688 2047 2951 2110 quoque
2992 2029 3313 2111 scriptoris

862 2130 961 2192 est
1014 2146 1138 2191 nec
1187 2129 1327 2190 arte
1377 2144 1498 2190 nec
1554 2125 1813 2205 ingenio
1868 2126 2238 2190 excellentis
2286 2146 2409 2191 nec
2459 2127 2723 2190 omnino
2767 2132 2991 2191 tamen
3034 2131 3309 2210 utroque

859 2226 1156 2291 carentis.
1187 2225 1299 2307 qui
1341 2228 1719 2306 postquam,
1748 2224 1925 2289 uictu
1976 2228 2041 2289 et
2100 2225 2444 2290 sanctitate
2502 2226 2814 2308 Archippi
2867 2226 3310 2291 describendis

858 2325 1142 2406 legentes
1188 2323 1552 2388 diutissime
1583 2324 1857 2388 detinuit
1888 2329 1952 2388 et
1980 2324 2066 2387 ad
2096 2344 2236 2388 rem
2264 2325 2535 2388 tandem
2579 2329 2970 2406 peruentum
3017 2329 3136 2401 est,
3168 2345 3312 2389 eam

859 2443 1173 2525 exornxare
1199 2427 1264 2486 et
1291 2442 1529 2504 augere
1557 2423 1682 2487 nisi
1709 2422 1917 2504 longis
1940 2423 2349 2488 sermonibus
2377 2424 2602 2501 nescit,
2632 2424 2945 2488 miraculo
2974 2424 3042 2488 in
3072 2423 3315 2507 Chryse

855 2522 1054 2588 fluuio
1099 2542 1299 2604 opera
1348 2522 1505 2586 sine*
1540 2520 1762 2585 diuom
1801 2523 1974 2586 facto
2018 2522 2368 2587 descensus
2419 2526 2482 2586 et
2535 2523 2934 2605 operationis
2986 2523 3315 2605 angelicae

857 2620 1314 2711 necessitatem
1369 2620 1551 2693 tollit,
1581 2621 1894 2702 praeripit
1944 2621 2392 2703 uoluptatem3
2438 2621 2636 2686 etiam
2680 2622 2958 2686 obscura
3001 2623 3312 2687 nonnulla

790 2760 796 2767 -
855 2720 1157 2802 relinquit
1180 2720 1262 2783 de
1285 2720 1519 2802 quibus
1541 2720 1709 2783 infra
1724 2719 2365 2795 disseruimuauelut
2385 2720 2508 2784 loci
2537 2721 2604 2784 in
2621 2740 2750 2802 quo
2774 2721 3162 2786 miraculum
3176 2723 3316 2786 uolt

854 2819 1100 2883 factum
1145 2839 1289 2883 esse
1317 2838 1449 2882 non
1491 2819 1653 2882 satis
1684 2819 1974 2883 declarat
2004 2820 2180 2900 quod
2204 2820 2395 2886 fuerit
2422 2839 2683 2896 nomen,
2713 2819 3082 2901 Archippus
3114 2840 3317 2903 quare

854 2917 922 2982 in
944 2919 1232 3000 periculo
1264 2918 1439 2981 solus
1468 2918 1568 2996 sit,
1584 2937 1729 3007 cum
1762 2921 1958 2982 antea
1989 2918 2253 3000 plurimi
2281 2917 2576 2982 homines
2607 2918 2692 2983 ad
2716 2919 2964 2983 fontem
2992 2919 3318 2984 confluere

854 3018 1037 3101 soliti„
1075 3018 1223 3095 sint,
1247 3036 1512 3081 causam
1556 3017 1813 3081 adferre
1858 3017 2095 3081 oblitus
2148 3020 2267 3094 est,
2318 3022 2650 3098 postremo
2688 3018 2800 3080 ubi
2841 3017 2955 3081 uix
3006 3018 3317 3082 breuibus

853 3117 1071 3181 uerbis
1101 3116 1482 3181 Michaelem
1533 3134 1742 3199 aquas
1792 3118 1877 3180 ab
1909 3117 2192 3181 oratorio
2246 3116 2531 3181 arcuisse
2576 3116 2825 3180 rettulit
2878 3117 3092 3180 subito
3144 3120 3313 3180 tam-

856 3235 1056 3299 quam
1100 3215 1372 3279 anhelus
1398 3215 1466 3279 in
1494 3215 1639 3296 ipsa
1669 3214 1844 3279 calce
1874 3215 2188 3279 subsistit.
2220 3218 2290 3279 at
2317 3214 2601 3279 eundem
2632 3216 2686 3278 si
2718 3215 2862 3297 quis
2909 3235 3058 3297 cum
3108 3215 3318 3279 Meta·
3377 3264 3384 3265 ff

854 3316 1128 3397 phrasta
1178 3315 1552 3379 chartarum
1605 3314 1714 3378 illa
1761 3319 1947 3396 peste
1989 3317 2104 3379 aut
2143 3332 2291 3379 cum
2340 3314 2533 3378 huius
2585 3315 2846 3378 aemulo
2898 3315 3200 3390 Sisinni0‚
3232 3313 3318 3377 de

857 3414 1095 3496 quibus
1164 3414 1334 3478 infra
1388 3414 1592 3477 uerba
1668 3413 1959 3491 fecimu3‚
2012 3413 2512 3494 comparauerit‚
2576 3433 2709 3476 non
2776 3413 2914 3477 sine
2977 3414 3319 3493 uoluptate

857 3513 1352 3595 amplexabitur,
1394 3512 1608 3576 uirum
1650 3512 1932 3593 probum
1981 3511 2152 3576 dicet
2179 3531 2399 3575 rerum
2430 3532 2627 3595 quam
2673 3513 3028 3576 uerborum
3069 3511 3321 3575 studio-

856 3612 1112 3688 siorem,
1143 3612 1313 3676 clare
1343 3615 1406 3675 et
1430 3610 1807 3692 simpliciter
1837 3614 1901 3675 et
1923 3610 2170 3674 sincere
2204 3616 2604 3690 narrantem,
2630 3612 2786 3694 quin
2811 3613 3007 3675 etiam
3034 3610 3322 3676 delecta-

854 3711 1049 3775 tionis
1099 3711 1345 3793 aliquid
1373 3710 1817 3792 praebentem.
1859 3710 2103 3773 scilicet
2135 3709 2282 3791 ipsa
2323 3710 2607 3774 hominis
2651 3702 2978 3774 rusticitas
3024 3714 3089 3774 et
3119 3729 3325 3774 orna-

855 3813 1080 3873 menta
1108 3810 1217 3873 illa
1243 3809 1513 3898 horrida
1528 3811 1599 3874 'et
1640 3809 1885 3873 inculta
1916 3808 2244 3891 scriptoris
2267 3829 2534 3890 prorsus
2585 3809 2889 3873 ineruditi
2931 3809 3138 3890 magis
3184 3809 3324 3873 iam

853 3908 1221 3991 placebunt.
1247 3909 1446 3972 etiam
1475 3908 1541 3971 in
1569 3907 1725 3972 locis
1770 3907 2216 3972 describendis
2265 3910 2339 3971 ut
2366 3909 2433 3971 in
2461 3927 2533 3971 re
2576 3907 2939 3989 perdifficili
2982 3927 3115 3971 non
3157 3907 3328 3971 nihil

799 4050 803 4055 ·
855 4011 1076 4073 actum
1118 4008 1484 4072 fatebimur.
1520 4007 1801 4089 denique
1841 4007 2197 4071 sententias
2228 4007 2655 4088 probabimus
2699 4007 2803 4070 hic
2834 4006 2959 4070 illic
2989 4006 3329 4088 dispersas

853 4107 1070 4172 sinon
1101 4107 1521 4188 grauissimas
1542 4109 1659 4170 aut
1685 4125 1955 4188 prorsus
1983 4125 2194 4170 nouas
2231 4109 2299 4169 at
2338 4105 2650 4181 honestas
2676 4110 2740 4169 et
2768 4107 2834 4169 in
2878 4106 3018 4170 loco
3049 4106 3331 4187 positas,

854 4210 1150 4272 extrema
1172 4210 1395 4270 autem
1417 4225 1570 4287 pars
1593 4204 1789 4269 libelli
1813 4199 1991 4285 quod
2021 4205 2391 4286 praefracta
2423 4207 2487 4268 et
2516 4204 2704 4286 quasi
2756 4208 3099 4285 amputata
3132 4205 3330 4269 uide-

851 4309 978 4384 tur,
1010 4306 1149 4369 eius
1180 4305 1272 4368 rei
1296 4308 1392 4367 est
1415 4304 1481 4367 in
1504 4306 1816 4386 promptu
1846 4323 2045 4368 causa
2074 4303 2396 4367 eiusmodi
2420 4323 2590 4385 quae
2614 4303 2791 4367 omni
2822 4303 3014 4385 culpa
3042 4304 3331 4385 scripto-

851 4424 993 4468 rem
1024 4404 1276 4469 liberet.
1305 4422 1544 4485 nempe
1573 4403 1812 4467 desunt
1842 4422 1920 4467 ea
1944 4421 2115 4484 quae
2146 4401 2603 4466 desiderantur
2631 4405 2744 4465 aut
2777 4403 2955 4484 quod
2983 4405 3333 4484 perierunt

844 4507 967 4567 ‘aut
1016 4503 1194 4585 quod
1246 4502 1379 4567 fato
1423 4501 1642 4584 aliquo
1684 4505 2147 4582 praeuertente
2190 4520 2554 4582 numquam
2604 4501 2848 4583 scripta
2905 4506 3077 4565 sunt.
3108 4501 3333 4565 multo

851 4621 1076 4667 eorum
1135 4602 1399 4684 quidem
1452 4600 1837 4664 alterutrum
1886 4600 2024 4668 ueri
2067 4599 2338 4663 similius
2400 4602 2500 4663 est
2552 4619 2751 4681 quam
2808 4603 2884 4664 ut
2923 4599 2980 4663 is
3032 4599 3143 4680 qui
3173 4603 3334 4662 tam

850 4702 1185 4775 enucleate
1225 4694 1435 4765 antea,
1464 4700 1533 4763 in
1559 4699 1824 4763 homine
1876 4699 2243 4763 Laodiceno
2288 4700 2353 4761 et
2394 4697 2462 4762 in
2513 4698 2761 4780 Chryse
2796 4699 3093 4763 deriuato
3143 4701 3335 4761 tam-

845 4819 1044 4882 quam
1072 4801 1139 4864 in
1167 4800 1363 4864 rebus
1391 4799 1694 4864 maximis
1726 4802 1790 4863 et
1813 4797 2081 4863 consilia
2110 4801 2176 4861 et
2198 4801 2345 4860 acta
2377 4800 2442 4861 et
2471 4802 2741 4862 euentus
2772 4798 2953 4863 uelut
2974 4797 3333 4886 perfectus
