<?xml version="1.0" encoding="UTF-8"?>
<!DOCTYPE html PUBLIC "-//W3C//DTD XHTML 1.0 Transitional//EN"
    "http://www.w3.org/TR/xhtml1/DTD/xhtml1-transitional.dtd">
<html xmlns="http://www.w3.org/1999/xhtml" xml:lang="en" lang="en">
 <head>
  <title>
</title>
<meta http-equiv="Content-Type" content="text/html;charset=utf-8" />
  <meta name='ocr-system' content='tesseract 3.04.00' />
  <meta name='ocr-capabilities' content='ocr_page ocr_carea ocr_par ocr_line ocrx_word'/>
</head>
<body>
  <div class='ocr_page' id='page_1' title='image "./narratiodemirac00symegoog/narratiodemirac00symegoog_0052.png"; bbox 0 0 3650 5684; ppageno 0'>
   <div class='ocr_carea' id='block_1_1' title="bbox 774 437 2223 493">
    <p class='ocr_par' dir='ltr' id='par_1_1' title="bbox 774 437 2223 493">
     <span class='ocr_line' id='line_1_1' title="bbox 774 437 2223 493; baseline -0.003 0"><span class='ocrx_word' id='word_1_1' title='bbox 774 439 926 493; x_wconf 29' lang='lat' dir='ltr'>*xm</span> <span class='ocrx_word' id='word_1_2' title='bbox 1816 438 2048 491; x_wconf 75' lang='lat' dir='ltr'>CAPVT</span> <span class='ocrx_word' id='word_1_3' title='bbox 2098 437 2223 490; x_wconf 84' lang='lat' dir='ltr'><strong>VIII</strong></span> 
     </span>
    </p>
   </div>
   <div class='ocr_carea' id='block_1_2' title="bbox 772 629 3260 1907">
    <p class='ocr_par' dir='ltr' id='par_1_2' title="bbox 773 629 3258 1409">
     <span class='ocr_line' id='line_1_2' title="bbox 779 629 3258 714; baseline 0.001 -26"><span class='ocrx_word' id='word_1_4' title='bbox 779 633 871 709; x_wconf 68' lang='grc' dir='ltr'>σὺν</span> <span class='ocrx_word' id='word_1_5' title='bbox 891 638 972 707; x_wconf 78' lang='grc' dir='ltr'>τῷ</span> <span class='ocrx_word' id='word_1_6' title='bbox 999 631 1335 711; x_wconf 74' lang='grc' dir='ltr'>ἠγαπημένῳ</span> <span class='ocrx_word' id='word_1_7' title='bbox 1363 654 1460 690; x_wconf 91' lang='grc' dir='ltr'>σου</span> <span class='ocrx_word' id='word_1_8' title='bbox 1483 635 1645 712; x_wconf 81' lang='grc' dir='ltr'>πατρὶ</span> <span class='ocrx_word' id='word_1_9' title='bbox 1681 635 1772 690; x_wconf 78' lang='grc' dir='ltr'>καὶ</span> <span class='ocrx_word' id='word_1_10' title='bbox 1799 630 1880 707; x_wconf 75' lang='grc' dir='ltr'>τῷ</span> <span class='ocrx_word' id='word_1_11' title='bbox 1907 632 2152 711; x_wconf 79' lang='grc' dir='ltr'>παναγίῳ</span> <span class='ocrx_word' id='word_1_12' title='bbox 2180 630 2461 709; x_wconf 71' lang='grc' dir='ltr'>πνεύματι,</span> <span class='ocrx_word' id='word_1_13' title='bbox 2491 633 2522 689; x_wconf 85' lang='grc' dir='ltr'>ὁ</span> <span class='ocrx_word' id='word_1_14' title='bbox 2563 629 2649 689; x_wconf 81' lang='grc' dir='ltr'>διὰ</span> <span class='ocrx_word' id='word_1_15' title='bbox 2688 639 2786 691; x_wconf 81' lang='grc' dir='ltr'>τοῦ</span> <span class='ocrx_word' id='word_1_16' title='bbox 2819 632 3258 714; x_wconf 71' lang='grc' dir='ltr'>ἀρχιστρατήγου</span> 
     </span>
     <span class='ocr_line' id='line_1_3' title="bbox 778 728 3255 813; baseline 0.001 -25"><span class='ocrx_word' id='word_1_17' title='bbox 778 753 876 788; x_wconf 87' lang='grc' dir='ltr'>σου</span> <span class='ocrx_word' id='word_1_18' title='bbox 903 728 1131 812; x_wconf 78' lang='grc' dir='ltr'>Μιχαὴλ</span> <span class='ocrx_word' id='word_1_19' title='bbox 1171 738 1367 806; x_wconf 74' lang='grc' dir='ltr'>σημεῖα</span> <span class='ocrx_word' id='word_1_20' title='bbox 1408 729 1664 790; x_wconf 71' lang='grc' dir='ltr'>ἐπιτελῶν</span> <span class='ocrx_word' id='word_1_21' title='bbox 1693 734 1783 789; x_wconf 84' lang='grc' dir='ltr'>καὶ</span> <span class='ocrx_word' id='word_1_22' title='bbox 1812 732 2083 808; x_wconf 82' lang='grc' dir='ltr'>θαυμάσια</span> <span class='ocrx_word' id='word_1_23' title='bbox 2114 731 2356 810; x_wconf 75' lang='grc' dir='ltr'>ἐναργῶν.</span> <span class='ocrx_word' id='word_1_24' title='bbox 2401 730 2571 807; x_wconf 74' lang='grc' dir='ltr'>ἔμεινε</span> <span class='ocrx_word' id='word_1_25' title='bbox 2591 729 2652 789; x_wconf 81' lang='grc' dir='ltr'>δὲ</span> <span class='ocrx_word' id='word_1_26' title='bbox 2670 733 2703 789; x_wconf 78' lang='grc' dir='ltr'>’ὁ</span> <span class='ocrx_word' id='word_1_27' title='bbox 2727 730 3043 813; x_wconf 75' lang='grc' dir='ltr'>Ἄρχιππος</span> <span class='ocrx_word' id='word_1_28' title='bbox 3073 734 3145 796; x_wconf 78' lang='grc' dir='ltr'>εἰς</span> <span class='ocrx_word' id='word_1_29' title='bbox 3189 735 3255 790; x_wconf 87' lang='grc' dir='ltr'>τὸ</span> 
     </span>
     <span class='ocr_line' id='line_1_4' title="bbox 778 822 3256 913; baseline 0.001 -25"><span class='ocrx_word' id='word_1_30' title='bbox 778 822 1056 911; x_wconf 65' lang='grc' dir='ltr'>εὔκτῖήριον</span> <span class='ocrx_word' id='word_1_31' title='bbox 1074 839 1171 888; x_wconf 81' lang='grc' dir='ltr'>τοῦ</span> <span class='ocrx_word' id='word_1_32' title='bbox 1195 832 1627 912; x_wconf 72' lang='grc' dir='ltr'>ἀρχιστρατήγου</span> <span class='ocrx_word' id='word_1_33' title='bbox 1657 831 1760 905; x_wconf 64' lang='grc' dir='ltr'>ἕως</span> <span class='ocrx_word' id='word_1_34' title='bbox 1779 829 1967 896; x_wconf 83' lang='grc' dir='ltr'>τέλους</span> <span class='ocrx_word' id='word_1_35' title='bbox 1997 833 2141 901; x_wconf 78' lang='grc' dir='ltr'>ζωῆς</span> <span class='ocrx_word' id='word_1_36' title='bbox 2170 832 2357 893; x_wconf 76' lang='grc' dir='ltr'>αὗτοῢ.</span> <span class='ocrx_word' id='word_1_37' title='bbox 2390 829 2472 890; x_wconf 83' lang='grc' dir='ltr'>διὸ</span> <span class='ocrx_word' id='word_1_38' title='bbox 2499 832 2694 897; x_wconf 77' lang='grc' dir='ltr'>πάντες</span> <span class='ocrx_word' id='word_1_39' title='bbox 2728 833 2781 890; x_wconf 77' lang='grc' dir='ltr'>οἱ</span> <span class='ocrx_word' id='word_1_40' title='bbox 2810 839 3256 913; x_wconf 81' lang='grc' dir='ltr'>κατατρυφῶντες</span> 
     </span>
     <span class='ocr_line' id='line_1_5' title="bbox 779 925 3257 1015; baseline 0 -27"><span class='ocrx_word' id='word_1_41' title='bbox 779 939 887 988; x_wconf 89' lang='grc' dir='ltr'>τῶν</span> <span class='ocrx_word' id='word_1_42' title='bbox 914 932 1159 1012; x_wconf 79' lang='grc' dir='ltr'>φοβερῶν</span> <span class='ocrx_word' id='word_1_43' title='bbox 1189 934 1281 989; x_wconf 78' lang='grc' dir='ltr'>καὶ</span> <span class='ocrx_word' id='word_1_44' title='bbox 1310 932 1542 1015; x_wconf 74' lang='grc' dir='ltr'>ἀπείρων</span> <span class='ocrx_word' id='word_1_45' title='bbox 1570 934 1861 1007; x_wconf 80' lang='grc' dir='ltr'>θαυμάτων</span> <span class='ocrx_word' id='word_1_46' title='bbox 1886 928 2093 988; x_wconf 68' lang='grc' dir='ltr'>τούτων</span> <span class='ocrx_word' id='word_1_47' title='bbox 2128 931 2232 995; x_wconf 72' lang='grc' dir='ltr'>ἕως</span> <span class='ocrx_word' id='word_1_48' title='bbox 2257 940 2354 1000; x_wconf 79' lang='grc' dir='ltr'>τῆς</span> <span class='ocrx_word' id='word_1_49' title='bbox 2397 933 2632 1011; x_wconf 76' lang='grc' dir='ltr'>σήμερον</span> <span class='ocrx_word' id='word_1_50' title='bbox 2660 925 2814 997; x_wconf 76' lang='grc' dir='ltr'>δόξαν</span> <span class='ocrx_word' id='word_1_51' title='bbox 2854 932 3257 1008; x_wconf 79' lang='grc' dir='ltr'>ἀναπέμψωμεν</span> 
     </span>
     <span class='ocr_line' id='line_1_6' title="bbox 773 1029 3258 1112; baseline 0.002 -24"><span class='ocrx_word' id='word_1_52' title='bbox 773 1039 855 1106; x_wconf 81' lang='grc' dir='ltr'>τῷ</span> <span class='ocrx_word' id='word_1_53' title='bbox 877 1032 1097 1112; x_wconf 78' lang='grc' dir='ltr'>φοβερῷ</span> <span class='ocrx_word' id='word_1_54' title='bbox 1112 1034 1200 1088; x_wconf 89' lang='grc' dir='ltr'>καὶ</span> <span class='ocrx_word' id='word_1_55' title='bbox 1222 1029 1577 1111; x_wconf 72' lang='grc' dir='ltr'>εὐσπλαγχνῳ</span> <span class='ocrx_word' id='word_1_56' title='bbox 1601 1033 1707 1105; x_wconf 82' lang='grc' dir='ltr'>θεῷ</span> <span class='ocrx_word' id='word_1_57' title='bbox 1727 1032 1821 1088; x_wconf 78' lang='grc' dir='ltr'>σὺν</span> <span class='ocrx_word' id='word_1_58' title='bbox 1841 1038 1921 1106; x_wconf 79' lang='grc' dir='ltr'>τῷ</span> <span class='ocrx_word' id='word_1_59' title='bbox 1937 1030 2160 1112; x_wconf 81' lang='grc' dir='ltr'>ἁνάρχῳ</span> <span class='ocrx_word' id='word_1_60' title='bbox 2182 1034 2345 1110; x_wconf 78' lang='grc' dir='ltr'>πατρὶ</span> <span class='ocrx_word' id='word_1_61' title='bbox 2366 1033 2558 1105; x_wconf 82' lang='grc' dir='ltr'>καὶτῷ</span> <span class='ocrx_word' id='word_1_62' title='bbox 2580 1031 2825 1108; x_wconf 85' lang='grc' dir='ltr'>παναγίῳ</span> <span class='ocrx_word' id='word_1_63' title='bbox 2846 1031 3109 1107; x_wconf 75' lang='grc' dir='ltr'>πνεύματι</span> <span class='ocrx_word' id='word_1_64' title='bbox 3131 1030 3258 1092; x_wconf 73' lang='grc' dir='ltr'>κτλ.</span> 
     </span>
     <span class='ocr_line' id='line_1_7' title="bbox 776 1125 3256 1211; baseline -0.001 -21"><span class='ocrx_word' id='word_1_65' title='bbox 776 1129 977 1210; x_wconf 85' lang='lat' dir='ltr'>atque</span> <span class='ocrx_word' id='word_1_66' title='bbox 995 1127 1159 1193; x_wconf 89' lang='lat' dir='ltr'>haec</span> <span class='ocrx_word' id='word_1_67' title='bbox 1181 1127 1314 1192; x_wconf 86' lang='lat' dir='ltr'>fere</span> <span class='ocrx_word' id='word_1_68' title='bbox 1334 1126 1682 1211; x_wconf 85' lang='lat' dir='ltr'>perspicua</span> <span class='ocrx_word' id='word_1_69' title='bbox 1703 1129 1859 1191; x_wconf 87' lang='lat' dir='ltr'>sunt</span> <span class='ocrx_word' id='word_1_70' title='bbox 1881 1128 1947 1191; x_wconf 90' lang='lat' dir='ltr'>et</span> <span class='ocrx_word' id='word_1_71' title='bbox 1968 1129 2154 1191; x_wconf 84' lang='lat' dir='ltr'>extra</span> <span class='ocrx_word' id='word_1_72' title='bbox 2175 1125 2683 1191; x_wconf 87' lang='lat' dir='ltr'>controuersiam</span> <span class='ocrx_word' id='word_1_73' title='bbox 2713 1125 2947 1209; x_wconf 87' lang='lat' dir='ltr'>posita.</span> <span class='ocrx_word' id='word_1_74' title='bbox 2972 1126 3056 1191; x_wconf 92' lang='lat' dir='ltr'>de</span> <span class='ocrx_word' id='word_1_75' title='bbox 3078 1125 3256 1191; x_wconf 90' lang='lat' dir='ltr'>codi-</span> 
     </span>
     <span class='ocr_line' id='line_1_8' title="bbox 777 1224 3257 1308; baseline -0 -19"><span class='ocrx_word' id='word_1_76' title='bbox 777 1244 926 1290; x_wconf 89' lang='lat' dir='ltr'>cum</span> <span class='ocrx_word' id='word_1_77' title='bbox 961 1226 1015 1291; x_wconf 93' lang='lat' dir='ltr'>P</span> <span class='ocrx_word' id='word_1_78' title='bbox 1051 1229 1118 1292; x_wconf 89' lang='lat' dir='ltr'>et</span> <span class='ocrx_word' id='word_1_79' title='bbox 1153 1227 1199 1286; x_wconf 92' lang='grc' dir='ltr'><strong>Σ</strong></span> <span class='ocrx_word' id='word_1_80' title='bbox 1240 1230 1303 1291; x_wconf 92' lang='lat' dir='ltr'>et</span> <span class='ocrx_word' id='word_1_81' title='bbox 1333 1227 1389 1286; x_wconf 91' lang='grc' dir='ltr'>·Δ</span> <span class='ocrx_word' id='word_1_82' title='bbox 1424 1227 1679 1291; x_wconf 87' lang='lat' dir='ltr'>ratione</span> <span class='ocrx_word' id='word_1_83' title='bbox 1726 1244 1861 1291; x_wconf 92' lang='lat' dir='ltr'>non</span> <span class='ocrx_word' id='word_1_84' title='bbox 1911 1228 2048 1290; x_wconf 87' lang='lat' dir='ltr'>tam</span> <span class='ocrx_word' id='word_1_85' title='bbox 2095 1227 2477 1308; x_wconf 87' lang='lat' dir='ltr'>promptum</span> <span class='ocrx_word' id='word_1_86' title='bbox 2527 1224 2838 1290; x_wconf 88' lang='lat' dir='ltr'>iudicium</span> <span class='ocrx_word' id='word_1_87' title='bbox 2892 1228 3009 1304; x_wconf 87' lang='lat' dir='ltr'>est,</span> <span class='ocrx_word' id='word_1_88' title='bbox 3051 1225 3257 1290; x_wconf 91' lang='lat' dir='ltr'>immo</span> 
     </span>
     <span class='ocr_line' id='line_1_9' title="bbox 776 1323 1598 1409; baseline 0.001 -20"><span class='ocrx_word' id='word_1_89' title='bbox 776 1323 1050 1391; x_wconf 89' lang='lat' dir='ltr'>dubium</span> <span class='ocrx_word' id='word_1_90' title='bbox 1079 1328 1146 1392; x_wconf 89' lang='lat' dir='ltr'>et</span> <span class='ocrx_word' id='word_1_91' title='bbox 1170 1326 1598 1409; x_wconf 88' lang='lat' dir='ltr'>implicatum.</span> 
     </span>
    </p>

    <p class='ocr_par' dir='ltr' id='par_1_3' title="bbox 772 1423 3260 1907">
     <span class='ocr_line' id='line_1_10' title="bbox 856 1423 3259 1509; baseline -0.001 -18"><span class='ocrx_word' id='word_1_92' title='bbox 856 1423 956 1491; x_wconf 88' lang='lat' dir='ltr'>Ac</span> <span class='ocrx_word' id='word_1_93' title='bbox 982 1424 1267 1509; x_wconf 89' lang='lat' dir='ltr'>primum</span> <span class='ocrx_word' id='word_1_94' title='bbox 1298 1425 1380 1489; x_wconf 89' lang='lat' dir='ltr'>de</span> <span class='ocrx_word' id='word_1_95' title='bbox 1408 1425 1462 1490; x_wconf 93' lang='lat' dir='ltr'>P</span> <span class='ocrx_word' id='word_1_96' title='bbox 1490 1428 1564 1490; x_wconf 92' lang='lat' dir='ltr'>ut</span> <span class='ocrx_word' id='word_1_97' title='bbox 1592 1427 1767 1490; x_wconf 89' lang='lat' dir='ltr'>recte</span> <span class='ocrx_word' id='word_1_98' title='bbox 1789 1427 2182 1503; x_wconf 81' lang='lat' dir='ltr'>statuamuS,</span> <span class='ocrx_word' id='word_1_99' title='bbox 2211 1423 2381 1491; x_wconf 90' lang='lat' dir='ltr'>mira</span> <span class='ocrx_word' id='word_1_100' title='bbox 2417 1427 2516 1490; x_wconf 88' lang='lat' dir='ltr'>est</span> <span class='ocrx_word' id='word_1_101' title='bbox 2558 1424 2696 1490; x_wconf 84' lang='lat' dir='ltr'>eius</span> <span class='ocrx_word' id='word_1_102' title='bbox 2725 1424 2873 1490; x_wconf 88' lang='lat' dir='ltr'><strong>libri</strong></span> <span class='ocrx_word' id='word_1_103' title='bbox 2900 1424 3084 1490; x_wconf 87' lang='lat' dir='ltr'>uelut</span> <span class='ocrx_word' id='word_1_104' title='bbox 3109 1424 3259 1508; x_wconf 88' lang='lat' dir='ltr'>pla-</span> 
     </span>
     <span class='ocr_line' id='line_1_11' title="bbox 775 1523 3259 1609; baseline 0 -22"><span class='ocrx_word' id='word_1_105' title='bbox 775 1523 901 1589; x_wconf 90' lang='lat' dir='ltr'>cidi</span> <span class='ocrx_word' id='word_1_106' title='bbox 927 1525 1200 1609; x_wconf 83' lang='lat' dir='ltr'>pellacia</span> <span class='ocrx_word' id='word_1_107' title='bbox 1224 1525 1429 1608; x_wconf 88' lang='lat' dir='ltr'>ponti.</span> <span class='ocrx_word' id='word_1_108' title='bbox 1456 1524 1711 1590; x_wconf 93' lang='lat' dir='ltr'>nullum</span> <span class='ocrx_word' id='word_1_109' title='bbox 1741 1524 1944 1589; x_wconf 91' lang='lat' dir='ltr'>alium</span> <span class='ocrx_word' id='word_1_110' title='bbox 1985 1524 2141 1590; x_wconf 93' lang='lat' dir='ltr'>noui</span> <span class='ocrx_word' id='word_1_111' title='bbox 2171 1527 2311 1590; x_wconf 89' lang='lat' dir='ltr'>tam</span> <span class='ocrx_word' id='word_1_112' title='bbox 2340 1524 2571 1589; x_wconf 89' lang='lat' dir='ltr'>callide</span> <span class='ocrx_word' id='word_1_113' title='bbox 2597 1523 3083 1608; x_wconf 89' lang='lat' dir='ltr'>interpolatum.</span> <span class='ocrx_word' id='word_1_114' title='bbox 3114 1523 3259 1606; x_wconf 89' lang='lat' dir='ltr'>ple-</span> 
     </span>
     <span class='ocr_line' id='line_1_12' title="bbox 772 1623 3260 1711; baseline -0.001 -23"><span class='ocrx_word' id='word_1_115' title='bbox 772 1641 1052 1708; x_wconf 84' lang='lat' dir='ltr'>rumque</span> <span class='ocrx_word' id='word_1_116' title='bbox 1080 1623 1254 1689; x_wconf 89' lang='lat' dir='ltr'>enim</span> <span class='ocrx_word' id='word_1_117' title='bbox 1277 1624 1437 1689; x_wconf 88' lang='lat' dir='ltr'>talia</span> <span class='ocrx_word' id='word_1_118' title='bbox 1465 1643 1584 1708; x_wconf 91' lang='lat' dir='ltr'>pro</span> <span class='ocrx_word' id='word_1_119' title='bbox 1615 1624 1787 1689; x_wconf 88' lang='lat' dir='ltr'>ueris</span> <span class='ocrx_word' id='word_1_120' title='bbox 1817 1624 2058 1690; x_wconf 84' lang='lat' dir='ltr'>subicit</span> <span class='ocrx_word' id='word_1_121' title='bbox 2085 1643 2257 1708; x_wconf 87' lang='lat' dir='ltr'>quae</span> <span class='ocrx_word' id='word_1_122' title='bbox 2295 1624 2425 1689; x_wconf 90' lang='lat' dir='ltr'>sint</span> <span class='ocrx_word' id='word_1_123' title='bbox 2456 1624 2716 1711; x_wconf 79' lang='lat' dir='ltr'>aptiora</span> <span class='ocrx_word' id='word_1_124' title='bbox 2757 1626 2873 1689; x_wconf 91' lang='lat' dir='ltr'>aut</span> <span class='ocrx_word' id='word_1_125' title='bbox 2906 1623 3260 1689; x_wconf 82' lang='lat' dir='ltr'>blandiora</span> 
     </span>
     <span class='ocr_line' id='line_1_13' title="bbox 773 1722 3259 1807; baseline -0.001 -19"><span class='ocrx_word' id='word_1_126' title='bbox 773 1725 890 1789; x_wconf 86' lang='lat' dir='ltr'>aut</span> <span class='ocrx_word' id='word_1_127' title='bbox 910 1726 1085 1789; x_wconf 87' lang='lat' dir='ltr'>certe</span> <span class='ocrx_word' id='word_1_128' title='bbox 1104 1723 1304 1788; x_wconf 89' lang='lat' dir='ltr'>nihilo</span> <span class='ocrx_word' id='word_1_129' title='bbox 1334 1723 1552 1788; x_wconf 89' lang='lat' dir='ltr'>minus</span> <span class='ocrx_word' id='word_1_130' title='bbox 1580 1722 1967 1807; x_wconf 88' lang='lat' dir='ltr'>probabilia.</span> <span class='ocrx_word' id='word_1_131' title='bbox 1997 1724 2203 1788; x_wconf 87' lang='lat' dir='ltr'>uerba</span> <span class='ocrx_word' id='word_1_132' title='bbox 2231 1723 2314 1788; x_wconf 89' lang='lat' dir='ltr'>de</span> <span class='ocrx_word' id='word_1_133' title='bbox 2345 1724 2563 1788; x_wconf 91' lang='lat' dir='ltr'>medio</span> <span class='ocrx_word' id='word_1_134' title='bbox 2593 1727 2858 1807; x_wconf 85' lang='lat' dir='ltr'>sumpta</span> <span class='ocrx_word' id='word_1_135' title='bbox 2879 1722 3259 1806; x_wconf 85' lang='lat' dir='ltr'>exquisitio-</span> 
     </span>
     <span class='ocr_line' id='line_1_14' title="bbox 772 1821 3256 1907; baseline -0.002 -21"><span class='ocrx_word' id='word_1_136' title='bbox 772 1821 953 1888; x_wconf 77' lang='lat' dir='ltr'>ribUS</span> <span class='ocrx_word' id='word_1_137' title='bbox 979 1825 1190 1888; x_wconf 65' lang='lat' dir='ltr'>mutat</span> <span class='ocrx_word' id='word_1_138' title='bbox 1221 1825 1297 1887; x_wconf 77' lang='lat' dir='ltr'>ut</span> <span class='ocrx_word' id='word_1_139' title='bbox 1324 1823 1383 1901; x_wconf 87' lang='lat'>3,</span> <span class='ocrx_word' id='word_1_140' title='bbox 1419 1822 1494 1887; x_wconf 86' lang='lat'>13</span> <span class='ocrx_word' id='word_1_141' title='bbox 1527 1822 1841 1907; x_wconf 82' lang='grc' dir='ltr'>ἐρχόμενοι]</span> <span class='ocrx_word' id='word_1_142' title='bbox 1870 1824 2325 1905; x_wconf 82' lang='grc' dir='ltr'>παραγενόμενοι;</span> <span class='ocrx_word' id='word_1_143' title='bbox 2353 1823 2412 1901; x_wconf 90' lang='grc'>3,</span> <span class='ocrx_word' id='word_1_144' title='bbox 2448 1823 2522 1888; x_wconf 87' lang='grc'>17</span> <span class='ocrx_word' id='word_1_145' title='bbox 2544 1823 2849 1903; x_wconf 76' lang='grc' dir='ltr'>ἠβουλήθη]</span> <span class='ocrx_word' id='word_1_146' title='bbox 2898 1822 3256 1902; x_wconf 73' lang='grc' dir='ltr'>ἐβουλεύσατο</span> 
     </span>
    </p>
   </div>
   <div class='ocr_carea' id='block_1_3' title="bbox 674 1922 3255 2004">
    <p class='ocr_par' dir='ltr' id='par_1_4' title="bbox 674 1922 3255 2004">
     <span class='ocr_line' id='line_1_15' title="bbox 674 1922 3255 2004; baseline -0 -23"><span class='ocrx_word' id='word_1_147' title='bbox 674 1995 676 1997; x_wconf 64' lang='lat'>‚</span> <span class='ocrx_word' id='word_1_148' title='bbox 772 1922 895 2003; x_wconf 80' lang='grc' dir='ltr'>(τοῦ</span> <span class='ocrx_word' id='word_1_149' title='bbox 925 1924 1315 2002; x_wconf 81' lang='grc' dir='ltr'>καταστρέψαι)</span> <span class='ocrx_word' id='word_1_150' title='bbox 1337 1943 1352 1990; x_wconf 77' lang='lat'>3</span> <span class='ocrx_word' id='word_1_151' title='bbox 1376 1923 1531 2000; x_wconf 81' lang='grc' dir='ltr'>6,ῙΟ</span> <span class='ocrx_word' id='word_1_152' title='bbox 1555 1924 1901 2004; x_wconf 81' lang='grc' dir='ltr'>πικρότατον]</span> <span class='ocrx_word' id='word_1_153' title='bbox 1925 1922 2228 2002; x_wconf 79' lang='grc' dir='ltr'>ἐπώδυνον;</span> <span class='ocrx_word' id='word_1_154' title='bbox 2263 1922 2414 2001; x_wconf 88' lang='grc'>7,18</span> <span class='ocrx_word' id='word_1_155' title='bbox 2447 1924 2726 2001; x_wconf 70' lang='grc' dir='ltr'>ἕπιθυμίας</span> <span class='ocrx_word' id='word_1_156' title='bbox 2749 1925 2946 2001; x_wconf 81' lang='grc' dir='ltr'>κακάς]</span> <span class='ocrx_word' id='word_1_157' title='bbox 2976 1924 3255 2000; x_wconf 68' lang='grc' dir='ltr'>ἐπιθυμίας</span> 
     </span>
    </p>
   </div>
   <div class='ocr_carea' id='block_1_4' title="bbox 771 2017 3258 2501">
    <p class='ocr_par' dir='ltr' id='par_1_5' title="bbox 771 2017 3258 2501">
     <span class='ocr_line' id='line_1_16' title="bbox 775 2017 3250 2105; baseline -0.001 -25"><span class='ocrx_word' id='word_1_158' title='bbox 775 2022 1053 2103; x_wconf 55' lang='grc' dir='ltr'>ἀκρατεῖς</span> <span class='ocrx_word' id='word_1_159' title='bbox 1071 2020 1130 2099; x_wconf 86' lang='grc'>8,</span> <span class='ocrx_word' id='word_1_160' title='bbox 1155 2021 1193 2086; x_wconf 87' lang='grc'><strong>3</strong></span> <span class='ocrx_word' id='word_1_161' title='bbox 1217 2021 1301 2085; x_wconf 83' lang='lat' dir='ltr'>de</span> <span class='ocrx_word' id='word_1_162' title='bbox 1320 2021 1528 2087; x_wconf 82' lang='lat' dir='ltr'>herba</span> <span class='ocrx_word' id='word_1_163' title='bbox 1549 2023 1920 2105; x_wconf 79' lang='grc' dir='ltr'>παρέρχομαι]</span> <span class='ocrx_word' id='word_1_164' title='bbox 1944 2017 2286 2104; x_wconf 69' lang='grc' dir='ltr'>ξηραίνομαις</span> <span class='ocrx_word' id='word_1_165' title='bbox 2319 2021 2467 2101; x_wconf 86' lang='grc'>11,8</span> <span class='ocrx_word' id='word_1_166' title='bbox 2495 2021 2768 2105; x_wconf 82' lang='grc' dir='ltr'>ἔρχονται]</span> <span class='ocrx_word' id='word_1_167' title='bbox 2789 2022 3250 2103; x_wconf 81' lang='grc' dir='ltr'>συναθροίζονται;</span> 
     </span>
     <span class='ocr_line' id='line_1_17' title="bbox 771 2113 3258 2204; baseline 0.001 -24"><span class='ocrx_word' id='word_1_168' title='bbox 771 2119 874 2197; x_wconf 82' lang='grc'>17,</span> <span class='ocrx_word' id='word_1_169' title='bbox 903 2120 932 2184; x_wconf 89' lang='grc'>1</span> <span class='ocrx_word' id='word_1_170' title='bbox 963 2122 1169 2199; x_wconf 78' lang='grc' dir='ltr'>ἀκούω]</span> <span class='ocrx_word' id='word_1_171' title='bbox 1202 2124 1526 2204; x_wconf 75' lang='grc' dir='ltr'>ἐνηχοῦμαι;</span> <span class='ocrx_word' id='word_1_172' title='bbox 1558 2140 1678 2203; x_wconf 92' lang='lat' dir='ltr'>pro</span> <span class='ocrx_word' id='word_1_173' title='bbox 1707 2119 1931 2186; x_wconf 90' lang='lat' dir='ltr'>uerbis</span> <span class='ocrx_word' id='word_1_174' title='bbox 1956 2120 2357 2203; x_wconf 83' lang='lat' dir='ltr'>simplicibus</span> <span class='ocrx_word' id='word_1_175' title='bbox 2389 2121 2601 2186; x_wconf 90' lang='lat' dir='ltr'>uerba</span> <span class='ocrx_word' id='word_1_176' title='bbox 2637 2113 2788 2186; x_wconf 89' lang='lat' dir='ltr'>cum</span> <span class='ocrx_word' id='word_1_177' title='bbox 2819 2119 3258 2186; x_wconf 83' lang='lat' dir='ltr'>substantiuis</span> 
     </span>
     <span class='ocr_line' id='line_1_18' title="bbox 774 2219 3255 2303; baseline -0.001 -18"><span class='ocrx_word' id='word_1_178' title='bbox 774 2222 890 2286; x_wconf 71' lang='lat' dir='ltr'>aui.</span> <span class='ocrx_word' id='word_1_179' title='bbox 930 2219 1259 2286; x_wconf 75' lang='lat' dir='ltr'>aduerbiis</span> <span class='ocrx_word' id='word_1_180' title='bbox 1308 2221 1669 2285; x_wconf 74' lang='lat' dir='ltr'>coniuncta,</span> <span class='ocrx_word' id='word_1_181' title='bbox 1694 2219 1882 2303; x_wconf 70' lang='lat' dir='ltr'>ponit</span> <span class='ocrx_word' id='word_1_182' title='bbox 1925 2223 1998 2286; x_wconf 72' lang='lat' dir='ltr'>ut</span> <span class='ocrx_word' id='word_1_183' title='bbox 2034 2220 2092 2299; x_wconf 71' lang='lat'>2,</span> <span class='ocrx_word' id='word_1_184' title='bbox 2122 2220 2164 2283; x_wconf 83' lang='grc'>9</span> <span class='ocrx_word' id='word_1_185' title='bbox 2212 2221 2386 2300; x_wconf 75' lang='grc' dir='ltr'>ἔθυον]</span> <span class='ocrx_word' id='word_1_186' title='bbox 2427 2222 2607 2280; x_wconf 79' lang='grc' dir='ltr'>θυσίαν</span> <span class='ocrx_word' id='word_1_187' title='bbox 2634 2222 2992 2302; x_wconf 80' lang='grc' dir='ltr'>προσάγοντες</span> <span class='ocrx_word' id='word_1_188' title='bbox 3020 2240 3037 2298; x_wconf 86' lang='grc'>;</span> <span class='ocrx_word' id='word_1_189' title='bbox 3070 2219 3129 2298; x_wconf 83' lang='grc'>3,</span> <span class='ocrx_word' id='word_1_190' title='bbox 3166 2219 3255 2283; x_wconf 70' lang='lat'>:12</span> 
     </span>
     <span class='ocr_line' id='line_1_19' title="bbox 773 2317 3254 2402; baseline -0 -24"><span class='ocrx_word' id='word_1_191' title='bbox 773 2320 1180 2402; x_wconf 74' lang='grc' dir='ltr'>ἐθεραπεύοντο]</span> <span class='ocrx_word' id='word_1_192' title='bbox 1207 2330 1304 2391; x_wconf 81' lang='grc' dir='ltr'>τῆς</span> <span class='ocrx_word' id='word_1_193' title='bbox 1332 2323 1614 2401; x_wconf 74' lang='grc' dir='ltr'>θεραπείας</span> <span class='ocrx_word' id='word_1_194' title='bbox 1637 2320 1916 2392; x_wconf 75' lang='grc' dir='ltr'>ἀπήλαυον</span> <span class='ocrx_word' id='word_1_195' title='bbox 1942 2340 1959 2397; x_wconf 86' lang='grc'>;</span> <span class='ocrx_word' id='word_1_196' title='bbox 1992 2319 2088 2398; x_wconf 90' lang='grc'>10,</span> <span class='ocrx_word' id='word_1_197' title='bbox 2114 2319 2189 2383; x_wconf 89' lang='grc'>15</span> <span class='ocrx_word' id='word_1_198' title='bbox 2221 2323 2295 2397; x_wconf 77' lang='grc' dir='ltr'>μὴ</span> <span class='ocrx_word' id='word_1_199' title='bbox 2326 2323 2664 2401; x_wconf 82' lang='grc' dir='ltr'>χορτασθείς]</span> <span class='ocrx_word' id='word_1_200' title='bbox 2695 2321 2856 2401; x_wconf 84' lang='grc' dir='ltr'>κόρον</span> <span class='ocrx_word' id='word_1_201' title='bbox 2877 2321 2941 2379; x_wconf 78' lang='grc' dir='ltr'>οὐ</span> <span class='ocrx_word' id='word_1_202' title='bbox 2963 2317 3254 2401; x_wconf 78' lang='grc' dir='ltr'>προσδεξά-</span> 
     </span>
     <span class='ocr_line' id='line_1_20' title="bbox 775 2418 3255 2501; baseline -0.001 -22"><span class='ocrx_word' id='word_1_203' title='bbox 775 2440 965 2501; x_wconf 54' lang='grc' dir='ltr'>μενος</span> <span class='ocrx_word' id='word_1_204' title='bbox 1003 2420 1147 2499; x_wconf 89' lang='grc'>11,1</span> <span class='ocrx_word' id='word_1_205' title='bbox 1176 2422 1526 2498; x_wconf 71' lang='grc' dir='ltr'>ἐπιθυμήσας]</span> <span class='ocrx_word' id='word_1_206' title='bbox 1551 2423 1787 2501; x_wconf 82' lang='grc' dir='ltr'>ὀρεκτῶς</span> <span class='ocrx_word' id='word_1_207' title='bbox 1811 2419 2261 2498; x_wconf 75' lang='grc' dir='ltr'>ἆντιλαβόμενος;</span> <span class='ocrx_word' id='word_1_208' title='bbox 2285 2419 2428 2496; x_wconf 87' lang='grc'>13,1</span> <span class='ocrx_word' id='word_1_209' title='bbox 2457 2419 2894 2498; x_wconf 73' lang='grc' dir='ltr'>ἂνεπλήμμυναν]</span> <span class='ocrx_word' id='word_1_210' title='bbox 2919 2418 3255 2500; x_wconf 66' lang='grc' dir='ltr'>’πλημμύραι</span> 
     </span>
    </p>
   </div>
   <div class='ocr_carea' id='block_1_5' title="bbox 774 2517 3381 2601">
    <p class='ocr_par' dir='ltr' id='par_1_6' title="bbox 774 2517 3381 2601">
     <span class='ocr_line' id='line_1_21' title="bbox 774 2517 3381 2601; baseline 0.001 -22"><span class='ocrx_word' id='word_1_211' title='bbox 774 2520 1173 2601; x_wconf 79' lang='grc' dir='ltr'>προσεγένοντο.</span> <span class='ocrx_word' id='word_1_212' title='bbox 1229 2518 1512 2601; x_wconf 89' lang='lat' dir='ltr'>denique</span> <span class='ocrx_word' id='word_1_213' title='bbox 1569 2519 1750 2601; x_wconf 85' lang='lat' dir='ltr'>quod</span> <span class='ocrx_word' id='word_1_214' title='bbox 1798 2517 2086 2583; x_wconf 83' lang='lat' dir='ltr'>maxime</span> <span class='ocrx_word' id='word_1_215' title='bbox 2141 2518 2566 2583; x_wconf 81' lang='lat' dir='ltr'>memorabile</span> <span class='ocrx_word' id='word_1_216' title='bbox 2617 2522 2718 2583; x_wconf 84' lang='lat' dir='ltr'>est</span> <span class='ocrx_word' id='word_1_217' title='bbox 2765 2518 3249 2583; x_wconf 87' lang='lat' dir='ltr'>coniunctiones</span> <span class='ocrx_word' id='word_1_218' title='bbox 3373 2559 3381 2564; x_wconf 95' lang='lat'>-</span> 
     </span>
    </p>
   </div>
   <div class='ocr_carea' id='block_1_6' title="bbox 695 2617 3294 4489">
    <p class='ocr_par' dir='ltr' id='par_1_7' title="bbox 695 2617 3294 4489">
     <span class='ocr_line' id='line_1_22' title="bbox 772 2617 3253 2701; baseline -0 -18"><span class='ocrx_word' id='word_1_219' title='bbox 772 2617 996 2701; x_wconf 83' lang='lat' dir='ltr'>deligit</span> <span class='ocrx_word' id='word_1_220' title='bbox 1023 2619 1345 2695; x_wconf 82' lang='lat' dir='ltr'>subtiliuS‚</span> <span class='ocrx_word' id='word_1_221' title='bbox 1387 2619 1570 2684; x_wconf 91' lang='lat' dir='ltr'>uelut</span> <span class='ocrx_word' id='word_1_222' title='bbox 1609 2638 1730 2700; x_wconf 92' lang='lat' dir='ltr'>pro</span> <span class='ocrx_word' id='word_1_223' title='bbox 1757 2617 2136 2700; x_wconf 84' lang='lat' dir='ltr'>uolgaribus</span> <span class='ocrx_word' id='word_1_224' title='bbox 2181 2621 2272 2678; x_wconf 83' lang='grc' dir='ltr'>καί</span> <span class='ocrx_word' id='word_1_225' title='bbox 2297 2619 2356 2678; x_wconf 79' lang='grc' dir='ltr'>δέ</span> <span class='ocrx_word' id='word_1_226' title='bbox 2379 2619 2588 2697; x_wconf 82' lang='grc' dir='ltr'>λοιπόν,</span> <span class='ocrx_word' id='word_1_227' title='bbox 2635 2637 2676 2683; x_wconf 86' lang='lat' dir='ltr'>a</span> <span class='ocrx_word' id='word_1_228' title='bbox 2705 2617 2947 2700; x_wconf 87' lang='lat' dir='ltr'>quibus</span> <span class='ocrx_word' id='word_1_229' title='bbox 2975 2618 3253 2700; x_wconf 88' lang='lat' dir='ltr'>scriptor</span> 
     </span>
     <span class='ocr_line' id='line_1_23' title="bbox 770 2714 3247 2800; baseline 0 -18"><span class='ocrx_word' id='word_1_230' title='bbox 770 2716 882 2782; x_wconf 86' lang='lat' dir='ltr'>uix</span> <span class='ocrx_word' id='word_1_231' title='bbox 910 2735 1228 2800; x_wconf 89' lang='lat' dir='ltr'>umquam</span> <span class='ocrx_word' id='word_1_232' title='bbox 1264 2717 1556 2796; x_wconf 85' lang='lat' dir='ltr'>discedit,</span> <span class='ocrx_word' id='word_1_233' title='bbox 1578 2717 1831 2783; x_wconf 84' lang='lat' dir='ltr'>circiter</span> <span class='ocrx_word' id='word_1_234' title='bbox 1852 2714 2116 2782; x_wconf 87' lang='lat' dir='ltr'>deciens</span> <span class='ocrx_word' id='word_1_235' title='bbox 2139 2720 2231 2779; x_wconf 76' lang='grc' dir='ltr'>οὗν</span> <span class='ocrx_word' id='word_1_236' title='bbox 2260 2717 2551 2795; x_wconf 86' lang='lat' dir='ltr'>adhibet,</span> <span class='ocrx_word' id='word_1_237' title='bbox 2595 2720 2831 2800; x_wconf 87' lang='lat' dir='ltr'>quater</span> <span class='ocrx_word' id='word_1_238' title='bbox 2858 2720 3048 2779; x_wconf 76' lang='grc' dir='ltr'>τοίνυν.</span> <span class='ocrx_word' id='word_1_239' title='bbox 3090 2717 3247 2800; x_wconf 86' lang='lat' dir='ltr'>quin</span> 
     </span>
     <span class='ocr_line' id='line_1_24' title="bbox 772 2816 3251 2901; baseline 0 -20"><span class='ocrx_word' id='word_1_240' title='bbox 772 2816 974 2882; x_wconf 87' lang='lat' dir='ltr'>etiam</span> <span class='ocrx_word' id='word_1_241' title='bbox 1020 2816 1122 2881; x_wconf 87' lang='lat' dir='ltr'>bis</span> <span class='ocrx_word' id='word_1_242' title='bbox 1167 2821 1270 2895; x_wconf 73' lang='grc' dir='ltr'>μήν</span> <span class='ocrx_word' id='word_1_243' title='bbox 1299 2816 1497 2882; x_wconf 91' lang='lat' dir='ltr'>adicit</span> <span class='ocrx_word' id='word_1_244' title='bbox 1533 2821 1686 2900; x_wconf 84' lang='lat' dir='ltr'>post</span> <span class='ocrx_word' id='word_1_245' title='bbox 1738 2816 1864 2876; x_wconf 64' lang='grc' dir='ltr'>οὔτε</span> <span class='ocrx_word' id='word_1_246' title='bbox 1903 2816 2011 2881; x_wconf 90' lang='lat' dir='ltr'>uel</span> <span class='ocrx_word' id='word_1_247' title='bbox 2043 2820 2204 2896; x_wconf 80' lang='grc' dir='ltr'>μήτε,</span> <span class='ocrx_word' id='word_1_248' title='bbox 2253 2820 2319 2882; x_wconf 84' lang='lat' dir='ltr'>et</span> <span class='ocrx_word' id='word_1_249' title='bbox 2357 2817 2427 2882; x_wconf 90' lang='lat' dir='ltr'>id</span> <span class='ocrx_word' id='word_1_250' title='bbox 2457 2816 2730 2901; x_wconf 90' lang='lat' dir='ltr'>quidem</span> <span class='ocrx_word' id='word_1_251' title='bbox 2763 2820 3251 2900; x_wconf 87' lang='lat' dir='ltr'>peropportune</span> 
     </span>
     <span class='ocr_line' id='line_1_25' title="bbox 768 2915 3248 3001; baseline 0 -21"><span class='ocrx_word' id='word_1_252' title='bbox 768 2916 830 2995; x_wconf 87' lang='lat'>5,</span> <span class='ocrx_word' id='word_1_253' title='bbox 865 2916 943 2981; x_wconf 74' lang='lat'>12</span> <span class='ocrx_word' id='word_1_254' title='bbox 970 2916 1404 3001; x_wconf 87' lang='lat' dir='ltr'>(quamquam</span> <span class='ocrx_word' id='word_1_255' title='bbox 1447 2916 1571 2981; x_wconf 90' lang='lat' dir='ltr'>hoc</span> <span class='ocrx_word' id='word_1_256' title='bbox 1614 2916 1756 2982; x_wconf 93' lang='lat' dir='ltr'>loco</span> <span class='ocrx_word' id='word_1_257' title='bbox 1799 2935 1953 2981; x_wconf 91' lang='lat' dir='ltr'>cum</span> <span class='ocrx_word' id='word_1_258' title='bbox 1995 2917 2194 2981; x_wconf 88' lang='lat' dir='ltr'>etiam</span> <span class='ocrx_word' id='word_1_259' title='bbox 2224 2915 2281 2994; x_wconf 89' lang='lat' dir='ltr'>Q</span> <span class='ocrx_word' id='word_1_260' title='bbox 2326 2922 2432 2995; x_wconf 82' lang='grc' dir='ltr'>μὴν</span> <span class='ocrx_word' id='word_1_261' title='bbox 2461 2915 2768 2981; x_wconf 82' lang='lat' dir='ltr'>exhibeat</span> <span class='ocrx_word' id='word_1_262' title='bbox 2812 2916 3022 2981; x_wconf 90' lang='lat' dir='ltr'>multo</span> <span class='ocrx_word' id='word_1_263' title='bbox 3052 2917 3248 2981; x_wconf 89' lang='lat' dir='ltr'>etiam</span> 
     </span>
     <span class='ocr_line' id='line_1_26' title="bbox 768 3015 3251 3099; baseline -0 -19"><span class='ocrx_word' id='word_1_264' title='bbox 768 3015 1126 3081; x_wconf 86' lang='lat' dir='ltr'>intricatior</span> <span class='ocrx_word' id='word_1_265' title='bbox 1153 3035 1256 3080; x_wconf 88' lang='lat' dir='ltr'>res</span> <span class='ocrx_word' id='word_1_266' title='bbox 1281 3016 1551 3098; x_wconf 71' lang='lat' dir='ltr'>est);12,</span> <span class='ocrx_word' id='word_1_267' title='bbox 1583 3016 1612 3080; x_wconf 93' lang='lat'>1</span> <span class='ocrx_word' id='word_1_268' title='bbox 1648 3016 2037 3098; x_wconf 72' lang='grc' dir='ltr'>εἰδωλολάτραι</span> <span class='ocrx_word' id='word_1_269' title='bbox 2058 3019 2282 3081; x_wconf 89' lang='lat' dir='ltr'>autem</span> <span class='ocrx_word' id='word_1_270' title='bbox 2312 3015 2490 3099; x_wconf 91' lang='lat' dir='ltr'>quod</span> <span class='ocrx_word' id='word_1_271' title='bbox 2519 3035 2639 3099; x_wconf 89' lang='lat' dir='ltr'>pro</span> <span class='ocrx_word' id='word_1_272' title='bbox 2661 3016 3007 3075; x_wconf 74' lang='grc' dir='ltr'>εἰδωλοθύται</span> <span class='ocrx_word' id='word_1_273' title='bbox 3028 3015 3251 3081; x_wconf 88' lang='lat' dir='ltr'>scribit</span> 
     </span>
     <span class='ocr_line' id='line_1_27' title="bbox 769 3115 3250 3199; baseline -0.001 -17"><span class='ocrx_word' id='word_1_274' title='bbox 769 3115 830 3194; x_wconf 84' lang='lat'>9,</span> <span class='ocrx_word' id='word_1_275' title='bbox 859 3115 900 3180; x_wconf 88' lang='grc'><strong>9</strong></span> <span class='ocrx_word' id='word_1_276' title='bbox 930 3118 996 3179; x_wconf 83' lang='lat' dir='ltr'>et</span> <span class='ocrx_word' id='word_1_277' title='bbox 1030 3115 1124 3194; x_wconf 86' lang='lat'>13,</span> <span class='ocrx_word' id='word_1_278' title='bbox 1149 3115 1194 3178; x_wconf 98' lang='lat'>4</span> <span class='ocrx_word' id='word_1_279' title='bbox 1218 3116 1650 3199; x_wconf 87' lang='lat' dir='ltr'>(quamquam</span> <span class='ocrx_word' id='word_1_280' title='bbox 1680 3115 2032 3186; x_wconf 75' lang='grc' dir='ltr'>εἰδωλοθύτης</span> <span class='ocrx_word' id='word_1_281' title='bbox 2061 3116 2380 3180; x_wconf 88' lang='lat' dir='ltr'>intactum</span> <span class='ocrx_word' id='word_1_282' title='bbox 2402 3115 2665 3198; x_wconf 85' lang='lat' dir='ltr'>reliquit</span> <span class='ocrx_word' id='word_1_283' title='bbox 2694 3115 2753 3194; x_wconf 87' lang='lat'>3,</span> <span class='ocrx_word' id='word_1_284' title='bbox 2800 3116 2878 3180; x_wconf 86' lang='lat'>15</span> <span class='ocrx_word' id='word_1_285' title='bbox 2902 3138 2919 3194; x_wconf 82' lang='lat'>3</span> <span class='ocrx_word' id='word_1_286' title='bbox 2954 3115 3050 3195; x_wconf 88' lang='lat'>11,</span> <span class='ocrx_word' id='word_1_287' title='bbox 3092 3116 3160 3198; x_wconf 86' lang='lat'>4)</span> <span class='ocrx_word' id='word_1_288' title='bbox 3183 3119 3250 3180; x_wconf 88' lang='lat' dir='ltr'>et</span> 
     </span>
     <span class='ocr_line' id='line_1_28' title="bbox 770 3213 3253 3297; baseline 0.001 -19"><span class='ocrx_word' id='word_1_289' title='bbox 770 3214 900 3280; x_wconf 90' lang='lat' dir='ltr'>alia</span> <span class='ocrx_word' id='word_1_290' title='bbox 912 3214 1239 3280; x_wconf 23' lang='lat' dir='ltr'>*eiusmodi</span> <span class='ocrx_word' id='word_1_291' title='bbox 1259 3214 1439 3279; x_wconf 90' lang='lat' dir='ltr'>haud</span> <span class='ocrx_word' id='word_1_292' title='bbox 1459 3234 1693 3296; x_wconf 90' lang='lat' dir='ltr'>pauca,</span> <span class='ocrx_word' id='word_1_293' title='bbox 1708 3214 1777 3279; x_wconf 90' lang='lat' dir='ltr'>id</span> <span class='ocrx_word' id='word_1_294' title='bbox 1798 3213 1925 3279; x_wconf 93' lang='lat' dir='ltr'>nisi</span> <span class='ocrx_word' id='word_1_295' title='bbox 1953 3214 2180 3297; x_wconf 89' lang='lat' dir='ltr'>peiora</span> <span class='ocrx_word' id='word_1_296' title='bbox 2201 3214 2589 3280; x_wconf 88' lang='lat' dir='ltr'>accederent</span> <span class='ocrx_word' id='word_1_297' title='bbox 2607 3214 3049 3297; x_wconf 87' lang='lat' dir='ltr'>suspicionem</span> <span class='ocrx_word' id='word_1_298' title='bbox 3076 3218 3253 3280; x_wconf 83' lang='lat' dir='ltr'>certe</span> 
     </span>
     <span class='ocr_line' id='line_1_29' title="bbox 768 3312 3250 3396; baseline 0 -18"><span class='ocrx_word' id='word_1_299' title='bbox 768 3313 1018 3379; x_wconf 88' lang='lat' dir='ltr'>nullam</span> <span class='ocrx_word' id='word_1_300' title='bbox 1058 3317 1371 3379; x_wconf 88' lang='lat' dir='ltr'>moueret.</span> <span class='ocrx_word' id='word_1_301' title='bbox 1401 3316 1472 3378; x_wconf 87' lang='lat' dir='ltr'>at</span> <span class='ocrx_word' id='word_1_302' title='bbox 1518 3318 1673 3379; x_wconf 86' lang='lat' dir='ltr'>sunt</span> <span class='ocrx_word' id='word_1_303' title='bbox 1703 3313 2032 3395; x_wconf 85' lang='lat' dir='ltr'>quaedam</span> <span class='ocrx_word' id='word_1_304' title='bbox 2075 3315 2294 3378; x_wconf 91' lang='lat' dir='ltr'>minus</span> <span class='ocrx_word' id='word_1_305' title='bbox 2328 3312 2626 3396; x_wconf 86' lang='lat' dir='ltr'>speciosa</span> <span class='ocrx_word' id='word_1_306' title='bbox 2670 3314 2855 3379; x_wconf 88' lang='lat' dir='ltr'>uelut</span> <span class='ocrx_word' id='word_1_307' title='bbox 2882 3315 2943 3392; x_wconf 85' lang='lat'>5,</span> <span class='ocrx_word' id='word_1_308' title='bbox 2992 3314 3070 3378; x_wconf 88' lang='grc'>16</span> <span class='ocrx_word' id='word_1_309' title='bbox 3112 3313 3250 3379; x_wconf 90' lang='lat' dir='ltr'>sine</span> 
     </span>
     <span class='ocr_line' id='line_1_30' title="bbox 770 3410 3247 3496; baseline 0.002 -25"><span class='ocrx_word' id='word_1_310' title='bbox 770 3413 1164 3492; x_wconf 67' lang='lat' dir='ltr'>necessitate</span> <span class='ocrx_word' id='word_1_311' title='bbox 1185 3413 1616 3496; x_wconf 73' lang='grc' dir='ltr'>προσδεχόμενος</span> <span class='ocrx_word' id='word_1_312' title='bbox 1645 3410 1973 3478; x_wconf 89' lang='lat' dir='ltr'>adiectum</span> <span class='ocrx_word' id='word_1_313' title='bbox 2001 3435 2017 3491; x_wconf 80' lang='lat'>3</span> <span class='ocrx_word' id='word_1_314' title='bbox 2045 3412 2106 3493; x_wconf 86' lang='lat'>4,</span> <span class='ocrx_word' id='word_1_315' title='bbox 2137 3415 2177 3477; x_wconf 85' lang='lat'>5</span> <span class='ocrx_word' id='word_1_316' title='bbox 2199 3412 2616 3478; x_wconf 89' lang='lat' dir='ltr'>iurisiurandi</span> <span class='ocrx_word' id='word_1_317' title='bbox 2646 3412 2928 3478; x_wconf 87' lang='lat' dir='ltr'>formula</span> <span class='ocrx_word' id='word_1_318' title='bbox 2948 3417 3247 3479; x_wconf 88' lang='lat' dir='ltr'>ueterum</span> 
     </span>
     <span class='ocr_line' id='line_1_31' title="bbox 773 3511 3251 3602; baseline -0.002 -25"><span class='ocrx_word' id='word_1_319' title='bbox 773 3516 849 3591; x_wconf 81' lang='grc' dir='ltr'>μὰ</span> <span class='ocrx_word' id='word_1_320' title='bbox 870 3511 1224 3580; x_wconf 77' lang='lat' dir='ltr'>christiana</span> <span class='ocrx_word' id='word_1_321' title='bbox 1252 3512 1362 3577; x_wconf 85' lang='lat' dir='ltr'>illa</span> <span class='ocrx_word' id='word_1_322' title='bbox 1391 3513 1683 3602; x_wconf 66' lang='grc' dir='ltr'>εὐλογητον</span> <span class='ocrx_word' id='word_1_323' title='bbox 1729 3515 2027 3590; x_wconf 69' lang='lat' dir='ltr'>mutaia;</span> <span class='ocrx_word' id='word_1_324' title='bbox 2060 3512 2155 3590; x_wconf 79' lang='lat'>17,</span> <span class='ocrx_word' id='word_1_325' title='bbox 2207 3513 2249 3577; x_wconf 82' lang='lat'>9</span> <span class='ocrx_word' id='word_1_326' title='bbox 2297 3512 2654 3594; x_wconf 68' lang='grc' dir='ltr'>ἀνδρομήκων</span> <span class='ocrx_word' id='word_1_327' title='bbox 2703 3513 2832 3572; x_wconf 82' lang='grc' dir='ltr'>δέκα</span> <span class='ocrx_word' id='word_1_328' title='bbox 2870 3532 3004 3577; x_wconf 85' lang='lat' dir='ltr'>uox</span> <span class='ocrx_word' id='word_1_329' title='bbox 3045 3512 3251 3578; x_wconf 78' lang='lat' dir='ltr'>rarior</span> 
     </span>
     <span class='ocr_line' id='line_1_32' title="bbox 771 3610 3247 3695; baseline 0.001 -20"><span class='ocrx_word' id='word_1_330' title='bbox 771 3610 1074 3695; x_wconf 86' lang='lat' dir='ltr'>explicita</span> <span class='ocrx_word' id='word_1_331' title='bbox 1099 3611 1192 3676; x_wconf 89' lang='lat' dir='ltr'>sic</span> <span class='ocrx_word' id='word_1_332' title='bbox 1216 3632 1231 3676; x_wconf 76' lang='grc' dir='ltr'>ε</span> <span class='ocrx_word' id='word_1_333' title='bbox 1259 3612 1461 3694; x_wconf 73' lang='grc' dir='ltr'>ἀνδρῶν</span> <span class='ocrx_word' id='word_1_334' title='bbox 1483 3612 1614 3672; x_wconf 80' lang='grc' dir='ltr'>δέκα</span> <span class='ocrx_word' id='word_1_335' title='bbox 1641 3615 1704 3671; x_wconf 83' lang='grc' dir='ltr'>τὸ</span> <span class='ocrx_word' id='word_1_336' title='bbox 1736 3622 1948 3690; x_wconf 53' lang='lat' dir='ltr'>panon</span> <span class='ocrx_word' id='word_1_337' title='bbox 1980 3612 2074 3684; x_wconf 69' lang='lat'>12,</span> <span class='ocrx_word' id='word_1_338' title='bbox 2095 3612 2140 3675; x_wconf 97' lang='lat'>4</span> <span class='ocrx_word' id='word_1_339' title='bbox 2179 3611 2376 3677; x_wconf 87' lang='lat' dir='ltr'>nimis</span> <span class='ocrx_word' id='word_1_340' title='bbox 2418 3611 2763 3678; x_wconf 84' lang='lat' dir='ltr'>ambitiose</span> <span class='ocrx_word' id='word_1_341' title='bbox 2793 3612 3028 3677; x_wconf 86' lang='lat' dir='ltr'>coniun</span> <span class='ocrx_word' id='word_1_342' title='bbox 3039 3613 3247 3677; x_wconf 88' lang='lat' dir='ltr'>ctiuus</span> 
     </span>
     <span class='ocr_line' id='line_1_33' title="bbox 770 3707 3251 3795; baseline 0.003 -25"><span class='ocrx_word' id='word_1_343' title='bbox 770 3710 876 3776; x_wconf 84' lang='lat' dir='ltr'>ille</span> <span class='ocrx_word' id='word_1_344' title='bbox 897 3714 928 3770; x_wconf 97' lang='lat'><strong>6</strong></span> <span class='ocrx_word' id='word_1_345' title='bbox 949 3712 1117 3776; x_wconf 71' lang='grc' dir='ltr'>τόπος</span> <span class='ocrx_word' id='word_1_346' title='bbox 1136 3707 1508 3792; x_wconf 77' lang='grc' dir='ltr'>ἐξολοθρεοθῇ,</span> <span class='ocrx_word' id='word_1_347' title='bbox 1542 3711 1682 3775; x_wconf 90' lang='lat' dir='ltr'>siue</span> <span class='ocrx_word' id='word_1_348' title='bbox 1711 3707 2104 3793; x_wconf 77' lang='grc' dir='ltr'>ἐξολοθρεοθείη</span> <span class='ocrx_word' id='word_1_349' title='bbox 2136 3730 2217 3775; x_wconf 84' lang='lat' dir='ltr'>ex</span> <span class='ocrx_word' id='word_1_350' title='bbox 2250 3710 2367 3775; x_wconf 93' lang='lat' dir='ltr'>VA</span> <span class='ocrx_word' id='word_1_351' title='bbox 2396 3711 2860 3777; x_wconf 87' lang='lat' dir='ltr'>adsciscendus</span> <span class='ocrx_word' id='word_1_352' title='bbox 2891 3715 3035 3777; x_wconf 89' lang='lat' dir='ltr'>erat</span> <span class='ocrx_word' id='word_1_353' title='bbox 3060 3715 3251 3795; x_wconf 43' lang='lat' dir='ltr'>*opta-</span> 
     </span>
     <span class='ocr_line' id='line_1_34' title="bbox 695 3808 3248 3891; baseline -0.002 -16"><span class='ocrx_word' id='word_1_354' title='bbox 695 3855 698 3859; x_wconf 89' lang='lat'>-</span> <span class='ocrx_word' id='word_1_355' title='bbox 772 3808 966 3888; x_wconf 72' lang='lat' dir='ltr'>tillus,</span> <span class='ocrx_word' id='word_1_356' title='bbox 993 3809 1088 3875; x_wconf 69' lang='lat' dir='ltr'>ita</span> <span class='ocrx_word' id='word_1_357' title='bbox 1115 3809 1424 3875; x_wconf 77' lang='lat' dir='ltr'>dilatatus</span> <span class='ocrx_word' id='word_1_358' title='bbox 1450 3831 1467 3874; x_wconf 68' lang='grc' dir='ltr'>ε</span> <span class='ocrx_word' id='word_1_359' title='bbox 1490 3808 1925 3891; x_wconf 81' lang='grc' dir='ltr'>ἐξολοθρευθῆναι</span> <span class='ocrx_word' id='word_1_360' title='bbox 1950 3813 2043 3869; x_wconf 71' lang='grc' dir='ltr'>τὸν</span> <span class='ocrx_word' id='word_1_361' title='bbox 2065 3813 2230 3870; x_wconf 83' lang='grc' dir='ltr'>τόπον</span> <span class='ocrx_word' id='word_1_362' title='bbox 2259 3813 2454 3871; x_wconf 79' lang='grc' dir='ltr'>ἐκεῖνον</span> <span class='ocrx_word' id='word_1_363' title='bbox 2483 3815 2572 3870; x_wconf 83' lang='grc' dir='ltr'>τὸν</span> <span class='ocrx_word' id='word_1_364' title='bbox 2595 3810 2882 3873; x_wconf 79' lang='grc' dir='ltr'>σπουδαῖον</span> <span class='ocrx_word' id='word_1_365' title='bbox 2907 3814 2990 3871; x_wconf 69' lang='grc' dir='ltr'>ὅτι</span> <span class='ocrx_word' id='word_1_366' title='bbox 3020 3813 3248 3889; x_wconf 79' lang='grc' dir='ltr'>μάλιστα</span> 
     </span>
     <span class='ocr_line' id='line_1_35' title="bbox 772 3906 3248 3994; baseline 0.001 -24"><span class='ocrx_word' id='word_1_367' title='bbox 772 3912 968 3989; x_wconf 76' lang='grc' dir='ltr'>θέμεθα</span> <span class='ocrx_word' id='word_1_368' title='bbox 996 3909 1144 3994; x_wconf 83' lang='lat' dir='ltr'>(leg.</span> <span class='ocrx_word' id='word_1_369' title='bbox 1171 3911 1489 3985; x_wconf 72' lang='grc' dir='ltr'>θείμεθα.“ἓ);</span> <span class='ocrx_word' id='word_1_370' title='bbox 1520 3909 1617 3986; x_wconf 90' lang='grc'>10,</span> <span class='ocrx_word' id='word_1_371' title='bbox 1655 3909 1737 3971; x_wconf 79' lang='lat'>10·</span> <span class='ocrx_word' id='word_1_372' title='bbox 1757 3912 1789 3968; x_wconf 83' lang='lat'><strong>6</strong></span> <span class='ocrx_word' id='word_1_373' title='bbox 1818 3906 2053 3990; x_wconf 77' lang='grc' dir='ltr'>ἐξαρχῆς</span> <span class='ocrx_word' id='word_1_374' title='bbox 2083 3909 2334 3989; x_wconf 75' lang='grc' dir='ltr'>,διάβολος</span> <span class='ocrx_word' id='word_1_375' title='bbox 2362 3928 2494 3973; x_wconf 91' lang='lat' dir='ltr'>non</span> <span class='ocrx_word' id='word_1_376' title='bbox 2516 3908 2922 3974; x_wconf 82' lang='lat' dir='ltr'>intellectum</span> <span class='ocrx_word' id='word_1_377' title='bbox 2954 3909 3248 3994; x_wconf 85' lang='lat' dir='ltr'>(adiecti-</span> 
     </span>
     <span class='ocr_line' id='line_1_36' title="bbox 769 4007 3250 4091; baseline -0.001 -17"><span class='ocrx_word' id='word_1_378' title='bbox 769 4026 931 4074; x_wconf 90' lang='lat' dir='ltr'>uum</span> <span class='ocrx_word' id='word_1_379' title='bbox 974 4009 1151 4073; x_wconf 88' lang='lat' dir='ltr'>enim</span> <span class='ocrx_word' id='word_1_380' title='bbox 1181 4008 1358 4091; x_wconf 86' lang='lat' dir='ltr'>quod</span> <span class='ocrx_word' id='word_1_381' title='bbox 1385 4012 1486 4073; x_wconf 90' lang='lat' dir='ltr'>est</span> <span class='ocrx_word' id='word_1_382' title='bbox 1533 4012 1564 4067; x_wconf 89' lang='lat'><strong>6</strong></span> <span class='ocrx_word' id='word_1_383' title='bbox 1594 4007 1870 4086; x_wconf 80' lang='grc' dir='ltr'>διάβολος,</span> <span class='ocrx_word' id='word_1_384' title='bbox 1896 4008 2348 4087; x_wconf 85' lang='lat' dir='ltr'>calumniator,</span> <span class='ocrx_word' id='word_1_385' title='bbox 2394 4028 2516 4091; x_wconf 90' lang='lat' dir='ltr'>pro</span> <span class='ocrx_word' id='word_1_386' title='bbox 2558 4009 2971 4074; x_wconf 83' lang='lat' dir='ltr'>substantiuo</span> <span class='ocrx_word' id='word_1_387' title='bbox 3001 4008 3250 4091; x_wconf 86' lang='lat' dir='ltr'>accepit</span> 
     </span>
     <span class='ocr_line' id='line_1_37' title="bbox 771 4105 3247 4191; baseline 0 -18"><span class='ocrx_word' id='word_1_388' title='bbox 771 4108 950 4191; x_wconf 89' lang='lat' dir='ltr'>quod</span> <span class='ocrx_word' id='word_1_389' title='bbox 978 4110 1080 4172; x_wconf 89' lang='lat' dir='ltr'>est</span> <span class='ocrx_word' id='word_1_390' title='bbox 1120 4112 1150 4166; x_wconf 87' lang='lat'><strong>6</strong></span> <span class='ocrx_word' id='word_1_391' title='bbox 1180 4106 1455 4186; x_wconf 80' lang='grc' dir='ltr'>διάβολος,</span> <span class='ocrx_word' id='word_1_392' title='bbox 1486 4105 1789 4171; x_wconf 87' lang='lat' dir='ltr'>diabolus</span> <span class='ocrx_word' id='word_1_393' title='bbox 1831 4106 1938 4171; x_wconf 89' lang='lat' dir='ltr'>uel</span> <span class='ocrx_word' id='word_1_394' title='bbox 1969 4107 2244 4190; x_wconf 84' lang='lat' dir='ltr'>angelus</span> <span class='ocrx_word' id='word_1_395' title='bbox 2274 4108 2511 4191; x_wconf 87' lang='lat' dir='ltr'>malus)</span> <span class='ocrx_word' id='word_1_396' title='bbox 2545 4112 2613 4173; x_wconf 88' lang='lat' dir='ltr'>et</span> <span class='ocrx_word' id='word_1_397' title='bbox 2659 4108 3143 4179; x_wconf 82' lang='lat' dir='ltr'>itacorrectum</span> <span class='ocrx_word' id='word_1_398' title='bbox 3173 4130 3189 4172; x_wconf 70' lang='grc' dir='ltr'><strong><em>ε</em></strong></span> <span class='ocrx_word' id='word_1_399' title='bbox 3218 4112 3247 4166; x_wconf 84' lang='grc' dir='ltr'><strong>ὁ</strong></span> 
     </span>
     <span class='ocr_line' id='line_1_38' title="bbox 773 4204 3247 4290; baseline 0 -23"><span class='ocrx_word' id='word_1_400' title='bbox 773 4204 826 4274; x_wconf 79' lang='grc' dir='ltr'>ἐξ</span> <span class='ocrx_word' id='word_1_401' title='bbox 849 4209 1026 4290; x_wconf 78' lang='grc' dir='ltr'>ἀρχῆς</span> <span class='ocrx_word' id='word_1_402' title='bbox 1051 4214 1159 4265; x_wconf 80' lang='grc' dir='ltr'>τῶν</span> <span class='ocrx_word' id='word_1_403' title='bbox 1181 4214 1363 4266; x_wconf 76' lang='grc' dir='ltr'>κακῶν</span> <span class='ocrx_word' id='word_1_404' title='bbox 1397 4208 1683 4287; x_wconf 77' lang='grc' dir='ltr'>ἐφευρετὴς</span> <span class='ocrx_word' id='word_1_405' title='bbox 1703 4207 1976 4286; x_wconf 75' lang='grc' dir='ltr'>διάβολος.</span> <span class='ocrx_word' id='word_1_406' title='bbox 2000 4206 2067 4271; x_wconf 92' lang='lat' dir='ltr'>id</span> <span class='ocrx_word' id='word_1_407' title='bbox 2086 4207 2313 4289; x_wconf 83' lang='lat' dir='ltr'>ipsum</span> <span class='ocrx_word' id='word_1_408' title='bbox 2341 4211 2565 4272; x_wconf 88' lang='lat' dir='ltr'>autem</span> <span class='ocrx_word' id='word_1_409' title='bbox 2585 4207 3086 4286; x_wconf 49' lang='lat' dir='ltr'>&#39;callide-effecit,</span> <span class='ocrx_word' id='word_1_410' title='bbox 3111 4206 3247 4290; x_wconf 42' lang='lat' dir='ltr'>epi?</span> 
     </span>
     <span class='ocr_line' id='line_1_39' title="bbox 769 4304 3294 4389; baseline 0 -19"><span class='ocrx_word' id='word_1_411' title='bbox 769 4306 1001 4370; x_wconf 87' lang='lat' dir='ltr'>theton</span> <span class='ocrx_word' id='word_1_412' title='bbox 1022 4304 1196 4369; x_wconf 90' lang='lat' dir='ltr'>enim</span> <span class='ocrx_word' id='word_1_413' title='bbox 1225 4304 1638 4388; x_wconf 89' lang='lat' dir='ltr'>aptissimum</span> <span class='ocrx_word' id='word_1_414' title='bbox 1670 4324 1752 4370; x_wconf 87' lang='lat' dir='ltr'>ex</span> <span class='ocrx_word' id='word_1_415' title='bbox 1774 4305 2054 4389; x_wconf 88' lang='lat' dir='ltr'>epistula</span> <span class='ocrx_word' id='word_1_416' title='bbox 2081 4306 2269 4371; x_wconf 86' lang='lat' dir='ltr'>Pauli</span> <span class='ocrx_word' id='word_1_417' title='bbox 2298 4305 2387 4370; x_wconf 85' lang='lat' dir='ltr'>ad</span> <span class='ocrx_word' id='word_1_418' title='bbox 2415 4306 2753 4372; x_wconf 89' lang='lat' dir='ltr'>Romanos</span> <span class='ocrx_word' id='word_1_419' title='bbox 2782 4306 2930 4385; x_wconf 87' lang='lat' dir='ltr'>1,3o</span> <span class='ocrx_word' id='word_1_420' title='bbox 2971 4306 3248 4372; x_wconf 90' lang='lat' dir='ltr'>adsciuit</span> <span class='ocrx_word' id='word_1_421' title='bbox 3288 4337 3294 4344; x_wconf 82' lang='lat'><strong>·</strong></span> 
     </span>
     <span class='ocr_line' id='line_1_40' title="bbox 770 4404 3247 4489; baseline 0.001 -20"><span class='ocrx_word' id='word_1_422' title='bbox 770 4422 987 4489; x_wconf 86' lang='lat' dir='ltr'>neque</span> <span class='ocrx_word' id='word_1_423' title='bbox 1032 4404 1271 4469; x_wconf 89' lang='lat' dir='ltr'>oblitus</span> <span class='ocrx_word' id='word_1_424' title='bbox 1318 4410 1414 4469; x_wconf 82' lang='lat' dir='ltr'>est</span> <span class='ocrx_word' id='word_1_425' title='bbox 1445 4405 1643 4487; x_wconf 89' lang='lat' dir='ltr'>paulo</span> <span class='ocrx_word' id='word_1_426' title='bbox 1678 4408 1837 4488; x_wconf 79' lang='lat' dir='ltr'>‚post</span> <span class='ocrx_word' id='word_1_427' title='bbox 1866 4407 2002 4466; x_wconf 80' lang='grc' dir='ltr'>αὐτὰ</span> <span class='ocrx_word' id='word_1_428' title='bbox 2036 4425 2158 4489; x_wconf 91' lang='lat' dir='ltr'>pro</span> <span class='ocrx_word' id='word_1_429' title='bbox 2197 4424 2279 4470; x_wconf 88' lang='lat' dir='ltr'>eo</span> <span class='ocrx_word' id='word_1_430' title='bbox 2309 4405 2491 4488; x_wconf 86' lang='lat' dir='ltr'>quod</span> <span class='ocrx_word' id='word_1_431' title='bbox 2519 4409 2662 4471; x_wconf 89' lang='lat' dir='ltr'>erat</span> <span class='ocrx_word' id='word_1_432' title='bbox 2709 4409 2919 4488; x_wconf 75' lang='grc' dir='ltr'>πονηρά</span> <span class='ocrx_word' id='word_1_433' title='bbox 2947 4406 3247 4471; x_wconf 87' lang='lat' dir='ltr'>scribere.</span> 
     </span>
    </p>
   </div>
   <div class='ocr_carea' id='block_1_7' title="bbox 771 4503 3253 4689">
    <p class='ocr_par' dir='ltr' id='par_1_8' title="bbox 771 4503 3253 4689">
     <span class='ocr_line' id='line_1_41' title="bbox 771 4503 3253 4588; baseline -0.001 -19"><span class='ocrx_word' id='word_1_434' title='bbox 771 4503 1057 4588; x_wconf 84' lang='lat' dir='ltr'>denique</span> <span class='ocrx_word' id='word_1_435' title='bbox 1108 4507 1289 4568; x_wconf 89' lang='lat' dir='ltr'>sunt·</span> <span class='ocrx_word' id='word_1_436' title='bbox 1319 4504 1546 4569; x_wconf 88' lang='lat' dir='ltr'>inscite</span> <span class='ocrx_word' id='word_1_437' title='bbox 1596 4503 1990 4588; x_wconf 88' lang='lat' dir='ltr'>interpolata</span> <span class='ocrx_word' id='word_1_438' title='bbox 2049 4504 2381 4587; x_wconf 86' lang='lat' dir='ltr'>quaedam</span> <span class='ocrx_word' id='word_1_439' title='bbox 2420 4505 2692 4583; x_wconf 55' lang='lat' dir='ltr'>uelutffi,</span> <span class='ocrx_word' id='word_1_440' title='bbox 2747 4506 2827 4569; x_wconf 91' lang='lat'>10</span> <span class='ocrx_word' id='word_1_441' title='bbox 2870 4507 3155 4587; x_wconf 76' lang='grc' dir='ltr'>ἐπέτρεπεν</span> <span class='ocrx_word' id='word_1_442' title='bbox 3182 4511 3253 4566; x_wconf 70' lang='grc' dir='ltr'>τὰ</span> 
     </span>
     <span class='ocr_line' id='line_1_42' title="bbox 773 4602 3251 4689; baseline -0 -25"><span class='ocrx_word' id='word_1_443' title='bbox 773 4608 969 4686; x_wconf 71' lang='grc' dir='ltr'>ἑρπετὰ</span> <span class='ocrx_word' id='word_1_444' title='bbox 1016 4605 1194 4673; x_wconf 81' lang='grc' dir='ltr'>ἐπάνω</span> <span class='ocrx_word' id='word_1_445' title='bbox 1221 4611 1321 4662; x_wconf 77' lang='grc' dir='ltr'>τοῦ</span> <span class='ocrx_word' id='word_1_446' title='bbox 1349 4607 1501 4682; x_wconf 81' lang='grc' dir='ltr'>ἁγίου</span> <span class='ocrx_word' id='word_1_447' title='bbox 1532 4605 1837 4686; x_wconf 76' lang='grc' dir='ltr'>ἐπιδραμεῖν</span> <span class='ocrx_word' id='word_1_448' title='bbox 1872 4613 1971 4664; x_wconf 83' lang='grc' dir='ltr'>τοῦ</span> <span class='ocrx_word' id='word_1_449' title='bbox 2008 4607 2317 4664; x_wconf 74' lang='grc' dir='ltr'>ἀποκτεῖναι</span> <span class='ocrx_word' id='word_1_450' title='bbox 2353 4602 2543 4689; x_wconf 78' lang='grc' dir='ltr'>αὐτόν]</span> <span class='ocrx_word' id='word_1_451' title='bbox 2594 4606 2880 4686; x_wconf 79' lang='grc' dir='ltr'>ἐπέτρεπεν</span> <span class='ocrx_word' id='word_1_452' title='bbox 2902 4614 3012 4670; x_wconf 80' lang='grc' dir='ltr'>τοῖς</span> <span class='ocrx_word' id='word_1_453' title='bbox 3041 4604 3251 4676; x_wconf 66' lang='grc' dir='ltr'>ἕλλησιν</span> 
     </span>
    </p>
   </div>
   <div class='ocr_carea' id='block_1_8' title="bbox 769 4700 3249 4886">
    <p class='ocr_par' dir='ltr' id='par_1_9' title="bbox 769 4700 3249 4886">
     <span class='ocr_line' id='line_1_43' title="bbox 772 4700 3249 4784; baseline 0.002 -22"><span class='ocrx_word' id='word_1_454' title='bbox 772 4710 961 4762; x_wconf 78' lang='grc' dir='ltr'>τοῦτον</span> <span class='ocrx_word' id='word_1_455' title='bbox 1002 4703 1333 4766; x_wconf 73' lang='grc' dir='ltr'>ἀποκτεῖναι.</span> <span class='ocrx_word' id='word_1_456' title='bbox 1381 4701 1500 4765; x_wconf 89' lang='lat' dir='ltr'>sed</span> <span class='ocrx_word' id='word_1_457' title='bbox 1555 4720 1687 4767; x_wconf 92' lang='lat' dir='ltr'>non</span> <span class='ocrx_word' id='word_1_458' title='bbox 1731 4701 1950 4767; x_wconf 90' lang='lat' dir='ltr'>minus</span> <span class='ocrx_word' id='word_1_459' title='bbox 2007 4720 2209 4784; x_wconf 85' lang='lat' dir='ltr'>quam</span> <span class='ocrx_word' id='word_1_460' title='bbox 2249 4701 2378 4767; x_wconf 86' lang='lat' dir='ltr'>hae</span> <span class='ocrx_word' id='word_1_461' title='bbox 2421 4706 2487 4767; x_wconf 84' lang='lat' dir='ltr'>et</span> <span class='ocrx_word' id='word_1_462' title='bbox 2528 4702 2697 4768; x_wconf 85' lang='lat' dir='ltr'>aliae</span> <span class='ocrx_word' id='word_1_463' title='bbox 2748 4700 3059 4769; x_wconf 84' lang='lat' dir='ltr'>lectiones</span> <span class='ocrx_word' id='word_1_464' title='bbox 3115 4719 3249 4767; x_wconf 85' lang='lat' dir='ltr'>sus-</span> 
     </span>
     <span class='ocr_line' id='line_1_44' title="bbox 769 4797 3248 4886; baseline 0.001 -20"><span class='ocrx_word' id='word_1_465' title='bbox 769 4803 1001 4884; x_wconf 87' lang='lat' dir='ltr'>pectae</span> <span class='ocrx_word' id='word_1_466' title='bbox 1042 4800 1189 4884; x_wconf 89' lang='lat' dir='ltr'>ipsa</span> <span class='ocrx_word' id='word_1_467' title='bbox 1223 4797 1463 4866; x_wconf 87' lang='lat' dir='ltr'>codicis</span> <span class='ocrx_word' id='word_1_468' title='bbox 1485 4801 1539 4866; x_wconf 93' lang='lat' dir='ltr'>P</span> <span class='ocrx_word' id='word_1_469' title='bbox 1568 4821 1718 4866; x_wconf 89' lang='lat' dir='ltr'>cum</span> <span class='ocrx_word' id='word_1_470' title='bbox 1745 4803 1791 4861; x_wconf 90' lang='grc' dir='ltr'><strong>Σ</strong></span> <span class='ocrx_word' id='word_1_471' title='bbox 1834 4799 2147 4885; x_wconf 80' lang='lat' dir='ltr'>cognatio</span> <span class='ocrx_word' id='word_1_472' title='bbox 2164 4800 2388 4868; x_wconf 88' lang='lat' dir='ltr'>obstat</span> <span class='ocrx_word' id='word_1_473' title='bbox 2413 4821 2546 4886; x_wconf 84' lang='lat' dir='ltr'>quo</span> <span class='ocrx_word' id='word_1_474' title='bbox 2572 4802 2792 4869; x_wconf 88' lang='lat' dir='ltr'>minus</span> <span class='ocrx_word' id='word_1_475' title='bbox 2837 4821 2989 4871; x_wconf 88' lang='lat' dir='ltr'>eum</span> <span class='ocrx_word' id='word_1_476' title='bbox 3035 4802 3248 4868; x_wconf 85' lang='lat' dir='ltr'>solum</span> 
     </span>
    </p>
   </div>
   <div class='ocr_carea' id='block_1_9' title="bbox 3600 2717 3608 4495">
    <p class='ocr_par' dir='ltr' id='par_1_10' title="bbox 3600 2717 3608 4495">
     <span class='ocr_line' id='line_1_45' title="bbox 3600 2717 3608 4495; baseline 0 0"><span class='ocrx_word' id='word_1_477' title='bbox 3600 2717 3608 4495; x_wconf 95' lang='lat' dir='ltr'> </span> 
     </span>
    </p>
   </div>
  </div>
 </body>
</html>
