3650 5684
1424 857 1700 924 CAPVT
1726 858 1857 923 IIII.

1405 1055 1500 1120 Dr.
1543 1055 1887 1120 Ancnwpo.

496 1250 904 1334 Archippum
925 1250 1040 1334 qui
1058 1270 1289 1316 uerum
1315 1250 1650 1316 hominem
1680 1250 1882 1316 fuisse
1906 1252 2174 1317 credent
2196 1272 2307 1317 eos
2329 1252 2525 1317 ualde
2547 1272 2781 1317 uereor
2804 1272 2888 1318 ne

417 1351 638 1434 opinio
659 1350 859 1415 fallat.
881 1350 1041 1414 nihil
1063 1354 1161 1415 est
1181 1351 1356 1416 enim
1377 1351 1444 1415 in
1469 1371 1547 1416 eo
1569 1350 1695 1416 nisi
1716 1370 1888 1435 quae
1913 1351 2333 1416 eremitarum
2358 1351 2494 1416 fere
2515 1353 2890 1418 communia

414 1453 568 1516 sunt
593 1453 852 1534 praeter
892 1469 1153 1529 nomen,
1177 1449 1245 1514 id
1297 1453 1521 1516 autem
1563 1451 1777 1534 ipsum
1818 1450 2255 1533 suspicionem
2288 1453 2530 1530 mouet,
2577 1450 2889 1533 quoniam

413 1549 824 1631 Archippum
869 1549 1066 1633 paulo
1115 1552 1266 1631 post
1314 1549 1720 1633 Hierapolim
1775 1550 2071 1615 nominat
2127 1549 2372 1614 Paulus
2430 1549 2765 1632 apostolus
2821 1551 2889 1615 in

415 1648 697 1732 epistula
753 1647 838 1712 ad
889 1648 1307 1713 Colossenses
1352 1648 1509 1726 data
1540 1649 1581 1712 ¹.
1611 1667 1745 1712 non
1784 1668 1916 1731 quo
1956 1649 2094 1713 ueri
2126 1648 2336 1713 simile
2367 1648 2455 1713 sit
2483 1667 2523 1712 a
2567 1649 2886 1732 scriptore

413 1746 597 1813 illum
624 1747 840 1829 ipsum
869 1746 1302 1828 significatum
1346 1766 1510 1826 esse,
1551 1767 1707 1813 nam
1751 1747 1974 1812 multis
2016 1748 2205 1812 annis
2250 1750 2399 1830 post
2444 1748 2889 1830 apostolorum

415 1849 699 1912 aetatem
729 1847 1086 1911 oratorium
1116 1845 1536 1911 aedificatum
1566 1866 1710 1911 esse
1755 1849 1818 1910 ct
1847 1847 2202 1929 nonaginta
2246 1846 2434 1911 annis
2476 1850 2627 1930 post
2669 1851 2888 1912 orato-

415 1945 587 2010 rium
610 1944 1026 2010 aedificatum
1040 1944 1445 2028 Archippum
1467 1944 1812 2027 puerulum
1844 1963 1920 2009 eo
1942 1945 2203 2009 uenisse
2232 1944 2434 2028 fingit,
2456 1940 2670 2028 neque
2691 1964 2886 2027 porro

414 2045 647 2109 Petrus
676 2044 937 2109 Batiffol
965 2044 1067 2108 uir
1109 2043 1522 2109 doctissimus
1546 2044 1572 2082 2
1601 2044 1794 2109 nobis
1823 2044 2154 2126 persuasit
2174 2044 2469 2109 miraculi
2500 2045 2886 2109 memoriam

417 2141 940 2225 antiquissimam
992 2141 1077 2206 ad
1115 2161 1345 2206 uerum
1384 2142 1567 2207 illum
1602 2142 2008 2226 Archippum
2060 2143 2487 2225 pertinuisse:
2534 2141 2681 2225 quis
2713 2143 2887 2208 enim

415 2243 794 2324 scriptorem
849 2242 1089 2318 credat,
1147 2241 1203 2307 si
1244 2261 1384 2308 rem
1438 2242 1881 2325 apostolorum
1932 2246 2150 2308 aetate
2201 2246 2455 2325 gestam
2509 2243 2885 2325 accepisset,

415 2341 636 2405 multis
686 2341 874 2405 annis
925 2344 1077 2423 post
1133 2344 1350 2405 actam
1397 2341 1755 2406 relaturum
1808 2341 2051 2406 fuisse?
2109 2341 2226 2406 sed
2280 2342 2334 2406 si
2384 2335 2887 2424 ipsumnomen

418 2440 1041 2505 comminiscendum
1064 2443 1208 2514 erat
1227 2439 1509 2505 hominis
1538 2441 1746 2505 sancti
1768 2443 1833 2505 et
1859 2439 2135 2523 religiosi
2158 2461 2238 2505 ex
2265 2440 2373 2506 illa
2402 2444 2580 2506 terra
2609 2440 2884 2521 oriundi,

415 2539 662 2603 nullum
693 2543 864 2604 certe
894 2538 1071 2603 aliud
1100 2539 1307 2623 magis
1348 2540 1416 2603 in
1445 2542 1753 2622 promptu
1783 2543 1924 2604 erat
1954 2542 2067 2603 aut
2107 2539 2316 2622 magis
2344 2539 2653 2604 idoneum
2683 2560 2884 2623 quam

414 2638 482 2702 id
511 2637 703 2720 quod‘
717 2638 926 2703 amico
954 2637 1142 2702 Pauli
1170 2638 1448 2720 apostoli
1468 2637 1963 2721 Hierapolitano
1986 2641 2102 2703 aut
2125 2638 2492 2704 Laodiceno
2517 2638 2715 2704 fuisse
2736 2638 2881 2704 libri

420 2737 587 2802 sacri
610 2737 939 2801 docerent.

493 2836 554 2900 N
557 2836 744 2917 egaui
773 2835 1123 2918 quicquam
1167 2834 1250 2899 de
1290 2854 1369 2899 eo
1395 2835 1619 2900 referri
1647 2855 1780 2918 quo
1809 2855 2043 2902 reuera
2072 2856 2224 2901 eum
2274 2836 2629 2920 aliquando
2680 2835 2884 2902 fuisse

413 2938 749 3018 appareat.
763 2934 1067 3017 perfacile
1089 2935 1299 2999 multa
1320 2934 1639 2999 eiusmodi
1661 2934 1924 3017 colligas
1948 2935 2167 3019 qualia
2191 2934 2273 3000 de
2299 2936 2436 3000 eius
2461 2935 2598 2999 uita
2610 2936 2881 3001 tradun-

413 3037 536 3099 tur.
585 3052 799 3118 pauca
854 3033 1133 3116 exempli
1194 3053 1394 3098 causa
1444 3034 1719 3116 apposui
1778 3053 1859 3098 ex
1911 3033 2184 3099 Palladii
2234 3033 2504 3098 historia
2561 3034 2880 3101 Lausiaca

413 3132 806 3215 deprompta
826 3132 853 3171 ³
877 3155 892 3196 ε
1904 3126 1910 3131 ’
2668 3127 2674 3135 ’

500 3233 529 3296 1
562 3253 626 3314 Ρ.
654 3232 872 3296 1009Α
895 3231 1192 3311 κατέλαβον
1221 3232 1278 3291 δὲ
1299 3241 1486 3292 τοῦτον
1517 3230 1832 3313 (Ἰσίδωρον)
1855 3233 1964 3312 ἐγὼ
1995 3233 2127 3292 ἐτῶν
2152 3233 2519 3311 ἑβδομήκοντα
2548 3233 2774 3314 γέροντα
2808 3225 2881 3301 ²6<

413 3331 664 3401 ἐπιζήσας
685 3328 1059 3388 πεντεκαίδεκα
1083 3328 1224 3387 ἄλλα
1246 3328 1337 3400 ἔτη
1361 3329 1584 3404 τελευτᾷ
1612 3331 1663 3388 ἐν
1693 3332 1873 3410 εἰρήνῃ
1890 3349 1905 3363 ·
1939 3333 2097 3394 οὗτος
2127 3332 2157 3387 ὁ
2188 3333 2335 3410 ἅγιος
2370 3331 2558 3412 μέχρις
2589 3332 2753 3402 αὐτῆς
2781 3342 2878 3403 τῆς

410 3428 657 3499 τελευτῆς
687 3429 789 3486 οὐκ
837 3429 1021 3498 ὀθόνην
1066 3427 1318 3508 ἐφόρησεν
1362 3428 1513 3491 ἐκτὸς
1543 3427 1854 3509 φακιαλίου,
1911 3429 1975 3486 οὗ
2013 3427 2228 3508 λουτρῷ
2269 3429 2564 3509 ἐχρήσατο,
2605 3429 2668 3486 οὔ
2707 3437 2880 3510 κρεῶν

410 3528 613 3604 ἥψατο,
648 3526 711 3583 οὐ
739 3527 1007 3607 τραπέζης
1036 3528 1170 3583 ποτὲ
1197 3529 1333 3606 πρὸς
1359 3528 1519 3606 κόρον
1550 3526 1863 3607 ἐνεφορήθη.

490 3624 532 3688 2
555 3645 618 3707 p,
645 3623 858 3688 1011B
883 3625 1056 3694 ἤσθιεν
1087 3628 1181 3702 μὲν
1208 3629 1313 3704 γὰρ
1335 3625 1553 3704 οὐγκίας
1579 3623 1634 3693 ’ἐξ
1666 3624 1832 3706 ὅίρτου
1854 3626 1973 3684 καθ’
1998 3627 2225 3697 ἑκάστην
2255 3626 2464 3706 ἡμέραν.
2490 3629 2581 3686 καὶ
2610 3625 2879 3687 λεπτολα-

409 3725 590 3806 χάνων
638 3722 773 3800 δέμα
800 3743 814 3757 ·
850 3723 1017 3781 ἔπινεν
1060 3722 1117 3780 δὲ
1167 3721 1357 3788 ὕδατος
1408 3725 1470 3781 τὸ
1514 3723 1637 3780 ὅσον
1663 3743 1677 3757 ·
1730 3724 1815 3782 ἐπὶ
1855 3727 1979 3783 θεοῦ
2018 3726 2287 3805 μάρτυρος
2325 3725 2426 3783 οὐκ
2471 3720 2636 3804 ἔγνων
2690 3733 2879 3786 τοῦτον

409 3822 734 3881 ἁπλώσαντα
762 3821 954 3899 πόδας,
988 3823 1051 3879 οὗ
1073 3821 1470 3891 καθευδήσαντα
1497 3819 1793 3893 ἐξεπίτηδες
1823 3824 1857 3893 ἢ
1890 3825 1978 3882 ἐπὶ
2007 3826 2220 3900 ψιαθίου
2248 3826 2282 3894 ἢ
2314 3824 2402 3882 ἐπὶ
2424 3822 2627 3894 κλίνης.

490 3921 531 3985 9
558 3940 623 4004 p.
649 3919 924 3984 1027AB
957 3920 1111 4000 (’Ὼρ)
1135 3921 1308 3991 ἤσθιεν
1335 3923 1428 3998 μὲν
1453 3921 1681 3998 βοτάνας
1711 3926 1800 3980 καὶ
1831 3924 1979 4002 ῥίζας
2007 3922 2278 4001 γλυκείας,
2312 3922 2480 3981 ἔπινεν
2510 3920 2567 3980 δὲ
2597 3926 2688 3981 καὶ
2730 3921 2875 4003 ὕδωρ

409 4022 500 4080 ὅτε
527 4022 792 4101 ηὕρισκεν,
821 4021 874 4078 ἐν
898 4022 1080 4101 εὐχαῖς
1102 4024 1194 4078 καὶ
1215 4021 1396 4096 ὕμνοις
1427 4018 1682 4077 διατελῶν
1710 4023 1885 4080 πάντα
1912 4026 2003 4081 τὸν
2032 4023 2303 4103 χρόνον...
2330 4014 2586 4102 λαχάνοις
2617 4021 2880 4097 συνθέτοις

412 4121 570 4198 μόνον
595 4122 944 4201 ἀρκούμενος,
968 4118 1230 4185 πολλάκις
1253 4118 1309 4177 δὲ
1331 4103 1423 4177 καὶ
1452 4115 1522 4176 δι’
1553 4117 1851 4197 ἑβδομάδος
1876 4121 2040 4198 μόνης
2073 4121 2524 4199 μεταλαμβάνων,

497 4219 592 4283 19.
620 4219 706 4283 20
737 4239 803 4301 Ρ.
851 4217 1064 4282 1051Β
1093 4220 1352 4299 τέσσαρας
1381 4218 1416 4288 ἢ
1447 4219 1602 4277 πέντε
1622 4219 1842 4299 οὐγκίας
1871 4220 2079 4299 ἐσθίων,
2114 4225 2204 4279 καὶ
2239 4224 2302 4280 τὸ
2328 4221 2646 4300 ἀντίρροπον
2674 4222 2879 4281 τούτων

409 4320 574 4378 πίνων
603 4318 770 4400 ὕδωρ.

494 4416 574 4481 22
602 4437 667 4500 Ρ.
695 4417 917 4482 1067Α
946 4417 1156 4484 οὐδενὸς
1180 4416 1349 4476 ἄλλου
1380 4417 1808 4501 μεταλαμβάνειν
1843 4418 1984 4490 πλὴν
2008 4418 2173 4500 ὀίρτου
2194 4417 2357 4500 ξηροῦ
2389 4419 2440 4478 ἐν
2463 4419 2702 4498 οὔγκίαις
2729 4417 2881 4479 δεκα-

409 4516 566 4590 δύο.Ὶ

496 4731 519 4769 ¹
551 4736 608 4809 4,
644 4736 753 4804 133
790 4736 846 4809 4,
883 4736 992 4805 173
1027 4736 1099 4790 cf.
1126 4743 1212 4807 ep.
1249 4737 1327 4790 ad
1347 4736 1600 4792 Philam.
1637 4736 1696 4791 2.
1724 4767 1806 4777 —-
1831 4729 1858 4768 ²
1878 4737 2294 4809 Stud.patrist.
2321 4738 2349 4794 I
2376 4756 2434 4811 p.
2460 4737 2574 4807 333
2608 4739 2680 4793 cf.
2709 4754 2880 4810 supra

410 4836 468 4890 p.
498 4835 600 4874 xx.
635 4849 718 4860 —-
740 4812 959 4890 ³·Apud
987 4819 1199 4888 Migne‚
1233 4819 1461 4874 Patrol.
1489 4836 1586 4890 qr.
1622 4825 1666 4874 t.
1701 4819 1991 4875 XXXIV.'

610 4943 669 4983 11.
701 4944 751 4984 Β.
2639 4947 2682 4985 11
