3650 5684
1193 428 1282 481 DE
1334 429 1563 482 LIBRIS
1613 428 1810 482 MANV
1863 429 2177 482 SCRIPTIS
2405 500 2412 509 ί
2752 428 2922 483 xmn

451 618 718 703 reliquis
782 619 1086 686 omnibus
1140 639 1555 703 opponamus
1609 624 1675 686 et
1708 624 1954 704 ‘spreto
2009 620 2268 687 illorum
2321 621 2692 687 testimonio
2747 621 2923 686 hunc

449 738 806 803 sequamur
838 719 880 784 ¹.

534 818 710 884 Inter
739 838 851 884 eos
883 818 1138 911 codices
1168 837 1334 902 quos
1365 820 1411 879 Σ
1430 819 1648 885 littera
1675 820 1931 901 signaui
1961 819 2204 885 emi-net
2246 819 2352 898 W,
2383 821 2493 903 qui
2522 839 2672 885 cum
2702 823 2924 884 careat

452 919 813 1001 appendice
841 918 1140 984 codicum
1167 918 1335 997 QCU
1366 922 1563 1002 atque
1591 920 1677 984 ab
1705 920 1808 983 his
1837 919 2019 985 haud
2039 939 2191 985 raro
2219 919 2314 997 ita
2335 919 2659 1002 discrepet
2680 921 2753 984 ut
2774 938 2924 984 cum

450 1017 504 1082 P
560 1019 759 1083 faciat
802 1018 1000 1084 debet
1055 1037 1203 1083 cum
1261 1018 1314 1079 Θ
1365 1018 1663 1084 codicum
1719 1018 1893 1097 QCU
1947 1022 2222 1102 parente
2284 1019 2502 1103 potius
2558 1018 2926 1101 comparari

452 1136 655 1201 quam
683 1135 834 1183 cum
857 1116 1027 1195 QCU
1055 1116 1233 1200 ipsis.
1264 1136 1480 1201 neque
1509 1120 1734 1183 tamen
1762 1117 2175 1183 dissimulare
2204 1136 2477 1202 possum
2501 1118 2701 1183 etiam
2722 1116 2780 1196 Q
2810 1121 2925 1182 aut

453 1215 506 1283 C
524 1219 641 1282 aut
669 1215 729 1281 U
750 1215 1104 1300 aliquando
1132 1236 1283 1282 cum
1311 1216 1365 1280 P
1394 1216 1534 1282 solo
1557 1217 1633 1282 iis
1662 1217 1820 1282 locis
1851 1218 2192 1284 concinere
2221 1217 2288 1281 in
2318 1218 2555 1301 quibus
2585 1218 2698 1282 uix
2720 1215 2928 1281 credi-

448 1315 578 1381 bile
607 1314 692 1380 sit
732 1314 923 1381 binos
966 1316 1266 1381 homines
1306 1317 1375 1381 in
1406 1317 1691 1382 eundem
1720 1337 2008 1382 errorem
2040 1317 2249 1385 autin
2279 1317 2555 1383 eandem
2593 1315 2926 1381 coniectu·

448 1435 593 1481 ram
627 1415 965 1494 incidiSSe;
1008 1416 1191 1481 uelut
1232 1417 1290 1493 3,
1336 1417 1377 1480 9
1407 1418 1705 1500 ἐβάκχευον
1733 1417 1787 1481 Ρ
1815 1417 1910 1496 Q;
1937 1418 1998 1496 4,
2028 1418 2104 1482 15
2135 1421 2353 1501 ἰσχυρὸς
2384 1416 2525 1495 PQ3
2552 1418 2612 1494 5,
2649 1417 2727 1480 10
2752 1417 2925 1480 οὕτως

402 1506 407 1512 ’
449 1513 595 1593 PU3
623 1516 769 1594 5,12
798 1520 935 1594 μήτε
955 1520 1060 1594 μὴν
1089 1515 1228 1594 PQ3
1257 1515 1316 1594 8,
1353 1516 1422 1580 11
1453 1520 1485 1588 ἡ
1519 1518 1614 1594 μία
1644 1519 1833 1588 θεότης
1872 1523 1963 1576 καὶ
1992 1517 2156 1583 ἀΐδιος
2185 1517 2328 1595 PQ;
2365 1517 2458 1595 11,
2496 1518 2525 1581 1
2554 1528 2665 1583 τοῖς
2689 1515 2925 1575 ἐθελοΰσι

451 1615 504 1679 Ρ
528 1615 666 1698 (C);
701 1616 797 1694 13,
826 1616 866 1680 9
890 1616 1152 1675 δυσωπῶν
1180 1615 1313 1693 PC;
1347 1616 1444 1694 15,
1481 1615 1554 1680 17
1585 1620 1770 1676 fleam
1797 1614 1982 1682 PCU.
2013 1616 2126 1681 ubi
2157 1635 2318 1682 sane
2344 1616 2636 1698 procliue
2664 1615 2786 1679 fuit
2812 1612 2925 1692 PQ

453 1717 571 1781 aut
609 1714 717 1780 PC
768 1719 880 1780 aut
928 1713 1043 1780 PU
1088 1715 1293 1799 sequi,
1338 1718 1404 1780 et
1452 1715 1812 1782 identidem
1862 1717 1929 1780 in
1981 1735 2060 1781 eo
2103 1716 2227 1782 fuit
2271 1720 2341 1781 ut
2370 1736 2483 1781 eos
2514 1714 2830 1793 audirem,
2861 1716 2927 1778 et

454 1815 736 1881 fortasse
767 1814 1098 1899 quaedam
1141 1815 1430 1897 recipere
1467 1815 1773 1898 oportuit.
1817 1815 1936 1880 sed
1963 1814 2275 1881 obstabat
2304 1815 2485 1898 quod
2512 1814 2624 1880 uix
2651 1812 2929 1880 credibi-·

453 1913 576 1979 lius
597 1917 740 1980 erat
769 1916 1025 1996 ἔβρυχον,
1056 1917 1088 1973 ὀ
1119 1914 1259 1990 θεὸς,
1293 1910 1532 1984 δοξάζων
1560 1933 1602 1979 a
1627 1913 1925 1997 pluribus
1954 1915 2224 1980 inuenta
2267 1934 2435 1993 esse,
2477 1933 2555 1980 ac
2584 1916 2928 1996 praeterea

452 2012 686 2096 ἴβρυχον
709 2013 1010 2078 firmatur
1031 2013 1172 2078 loco
1195 2013 1388 2079 simili
1410 2014 1470 2091 5,
1492 2013 1563 2091 33
1583 2012 1819 2083 δοξάζων
1842 2013 1930 2079 ad
1953 2013 2347 2081 sententiam
2370 2011 2927 2080 accommodatius

457 2116 599 2191 est3
630 2113 788 2178 item
817 2113 1071 2196 reliqua
1112 2113 1267 2178 fere.
1310 2114 1534 2196 itaque
1564 2117 1678 2178 aut
1720 2113 1881 2178 illud
1911 2115 2214 2198 quamuis
2257 2113 2636 2179 incredibile
2665 2112 2928 2177 credere

454 2215 713 2296 oportet
741 2212 929 2278 binos
950 2213 1250 2277 homines
1279 2213 1513 2278 eadem
1535 2212 1648 2278 illa
1672 2212 2003 2278 inuenisse
2025 2216 2140 2279 aut
2162 2213 2287 2278 hoc
2306 2213 2417 2278 uix
2445 2211 2817 2278 credibilius
2848 2230 2928 2275 ex

458 2311 604 2394 ipso
633 2312 686 2377 P
710 2315 824 2376 aut
846 2312 985 2377 eius
1012 2311 1286 2394 gemello
1310 2311 1707 2394 quibusdam
1733 2311 1893 2377 locis
1914 2312 2002 2378 W
2022 2317 2139 2378 aut
2159 2312 2216 2391 Q
2238 2315 2354 2378 aut
2376 2312 2426 2377 C
2454 2315 2568 2377 aut
2590 2311 2649 2375 U
2677 2328 2929 2376 correc-

457 2413 594 2476 ctos
627 2430 772 2477 esse
802 2413 942 2478 siue
971 2413 1417 2496 interpolatos.
1450 2416 1642 2478 erunt
1671 2413 1950 2481 fortasse
1979 2413 2091 2497 qui
2133 2433 2242 2478 me
2271 2411 2748 2477 inconstantiae
2777 2409 2930 2475 insi-

456 2509 708 2577 mulent
749 2511 929 2594 quod
958 2516 1176 2594 spreto
1203 2512 1326 2576 illis
1355 2512 1512 2577 locis
1541 2511 1652 2590 PQ
1674 2513 1780 2578 uel
1802 2513 1909 2578 PC
1935 2532 2256 2579 consensu
2287 2512 2346 2589 6,
2376 2512 2417 2576 2
2441 2511 2551 2575 PD
2584 2511 2930 2575 concinen-

458 2607 636 2673 tibus
662 2609 866 2675 fidem
893 2610 1257 2676 habuerim.
1282 2611 1394 2694 qui
1433 2611 1632 2677 uelim
1652 2611 1777 2677 hoc
1815 2615 2039 2677 tamen
2080 2612 2512 2690 considerent,
2550 2629 2752 2693 quam
2776 2625 2930 2692 pro·

457 2711 621 2776 cliue
664 2711 859 2777 fuerit
886 2712 1047 2778 illud
1092 2712 1364 2794 ἐξήνεγκεν
1417 2717 1690 2791 mutare,
1722 2712 1877 2779 dein
1926 2732 2126 2797 quam
2182 2715 2564 2796 promptum
2593 2731 2671 2777 ac
2713 2728 2926 2794 paene

458 2810 901 2877 necessarium
935 2808 1171 2880 ἐξεδύετο
1198 2831 1465 2897 ponere.

537 2910 773 2976 Restat
813 2914 888 2976 ut
918 2910 999 2975 de
1043 2911 1089 2970 Δ
1131 2915 1197 2977 et
1226 2911 1399 2976 VAO
1428 2912 1653 2995 paucis
1699 2912 2061 2977 absoluam.
2103 2912 2149 2972 Δ
2189 2911 2540 2978 manifesto
2582 2911 2926 2991 corruptus

456 3011 597 3073 erat
631 3010 724 3087 12,
761 3010 813 3087 1,
838 3009 949 3075 ubi
987 3010 1231 3075 omisso
1259 3011 1368 3075 illo
1398 3013 1512 3070 ἐπεὶ
1541 3029 1626 3075 ne
1656 3011 1755 3070 κᾶν
1777 3010 2046 3093 quidem
2077 3012 2144 3074 et
2173 3029 2345 3094 quae
2374 3013 2738 3093 sequuntur
2767 3006 2927 3073 satis

453 3107 932 3191 intelleguntur.
963 3108 1428 3193 interpolatum
1458 3110 1660 3176 fuisse
1688 3110 1973 3174 maxime
2001 3109 2425 3175 manifestum
2448 3113 2549 3173 est
2576 3109 2669 3187 15,
2698 3108 2793 3186 13,
2814 3107 2928 3173 ubi

420 3219 426 3225 “
457 3225 606 3272 cum
647 3208 849 3273 nollet
894 3208 1276 3275 Michaelem
1318 3229 1472 3274 cum
1515 3209 1660 3293 ipso
1700 3200 1829 3274 deo
1872 3209 2013 3292 pari
2064 3208 2330 3273 honoris
2349 3226 2360 3235 ⁷
2380 3208 2588 3289 gradu
2630 3207 2928 3289 coniungi

454 3308 664 3372 uerba
685 3306 797 3373 illa
827 3309 1035 3387 μεγάλη
1069 3310 1203 3367 ἐστὶν
1235 3314 1267 3379 ἡ
1298 3309 1514 3386 δύναμις
1543 3318 1640 3367 τοῦ
1670 3312 1794 3368 θεοῦ
1825 3312 1981 3386 ἡμῶν
2010 3314 2100 3368 καὶ
2128 3306 2353 3390 Μιχὰὴλ
2376 3318 2475 3367 τοῦ
2496 3309 2929 3390 ἀρχιστρατήγου

457 3406 549 3470 ita
570 3410 976 3471 correxerat:
1000 3407 1208 3487 μεγάλη
1236 3410 1368 3466 ἐστὶν
1393 3412 1425 3480 ἡ
1450 3407 1667 3485 δύναμις
1695 3416 1791 3467 τοῦ
1815 3411 1938 3466 θεοῦ
1961 3410 1997 3477 ἦ
2019 3408 2395 3488 ἐνυπάρχουσα
2418 3409 2471 3465 ἐν
2498 3415 2581 3484 τῷ
2604 3404 2930 3488 ἁρχαγγέλῳ

458 3506 704 3588 Μιχαήλ,
738 3505 857 3570 sed
887 3505 1085 3570 etiam
1116 3504 1257 3569 aliis
1308 3505 1465 3570 locis
1492 3505 1676 3570 haud
1716 3506 1946 3588 paucis
1977 3509 2253 3589 apparet
2281 3506 2465 3570 uelut
2494 3505 2553 3583 7,
2583 3504 2642 3583 8,
2673 3509 2773 3584 τις]
2801 3514 2932 3579 τῆςς

457 3603 517 3682 8,
539 3605 580 3669 6
609 3606 805 3686 ταῦτα]
830 3615 1000 3681 ταῦτα
1029 3603 1117 3675 δέ;
1155 3603 1251 3681 10,
1280 3604 1321 3667 8
1366 3605 1673 3687 ἐσμίγοντο]
1701 3606 2012 3687 ἐμίγνυντο;
2063 3605 2153 3684 11,
2205 3606 2543 3687 1Ο·ἆδικ(ας]
2570 3603 2926 3673 Λαοδικείας,

464 3703 561 3781 12,
590 3703 632 3766 5
661 3705 825 3785 ἐστὶν]
852 3706 1117 3787 ὑπάρχει;
1171 3703 1268 3781 15,
1296 3703 1337 3766 5
1367 3706 1496 3783 εἶμί]
1528 3707 1762 3786 ὑπάρχω
1789 3725 1806 3783 ;
1853 3704 1949 3784 15,
1978 3704 2054 3768 16
2084 3706 2172 3765 ἐὰν
2198 3706 2506 3785 πιστεύσῃς]
2529 3701 2750 3785 ἐφ’ὅσον
2769 3705 2933 3762 πεπί-

460 3826 684 3868 στευκας
734 3803 1027 3886 (propter
1081 3803 1176 3881 15,
1233 3803 1308 3866 12
1353 3805 1460 3884 ἐγὼ
1518 3803 1802 3886 πιστεύω).
1851 3803 1970 3868 sed
2022 3805 2220 3870 etiam
2262 3803 2318 3867 V
2362 3807 2426 3869 et
2472 3803 2528 3866 A
2573 3801 2934 3885 separatim

462 3901 747 3984 corrupti
791 3903 857 3966 et
885 3900 1256 3984 interpolati
1287 3904 1459 3980 sunt,
1490 3902 1678 3968 uelut
1704 3902 1763 3979 Ξ,
1800 3902 1875 3967 17
1908 3904 2284 3982 ἐκαθέσθησαν]
2331 3904 2588 3973 ἐκαθέσθη
2625 3905 2657 3961 ὁ
2688 3902 2935 3972 Ἰωάννης

443 4000 553 4077 'V3
592 4000 686 4079 16,
733 4000 771 4064 3
799 4005 864 4060 τὸ
897 4004 1120 4082 μέγεθος
1163 4013 1260 4072 τῆς
1305 4000 1463 4073 δόξης
1507 4004 1672 4061 αὐτοῦ
1715 4002 1964 4081 ἔβλεπεν,
2012 4002 2202 4063 στύλον
2244 4006 2444 4084 πυρόε]
2478 4006 2541 4060 τὸ
2574 4002 2796 4080 μέγεθος
2841 4011 2937 4071 τῆς

458 4096 615 4170 δόξης
644 4100 808 4159 αὐτοῦ
861 4101 961 4159 οὐκ
1002 4098 1251 4179 ἔβλεπεν,
1298 4100 1490 4159 στόλον
1531 4100 1588 4160 δὲ
1632 4101 1800 4181 πυρός
1837 4099 1917 4171 V;
1973 4100 2024 4179 l,
2069 4101 2110 4165 6
2159 4103 2496 4181 παρρησίας]
2513 4100 2810 4179 παρουσίας
2835 4096 2931 4174 A;

462 4198 521 4277 3,
570 4198 612 4262 5
653 4201 923 4278 θαύματα]
970 4203 1235 4281 μυστήρια
1284 4199 1376 4279 Α;
1431 4199 1491 4277 3,
1535 4200 1611 4263 15
1666 4199 1897 4283 ἀσεβής]
1943 4202 2297 4279 ἀσεβέστατος
2334 4199 2624 4274 Α;Ἱ13.Π1
2664 4196 2821 4280 quin
2852 4196 2939 4261 sit

461 4297 695 4362 eodem
723 4300 1000 4381 uterque
1030 4302 1146 4363 aut
1185 4302 1373 4381 patre
1415 4303 1529 4364 aut
1571 4302 1747 4365 certe
1777 4318 1910 4363 auo
1949 4302 2306 4382 prognatus
2348 4315 2544 4362 nemo
2591 4296 2939 4362 dubitabit.

462 4394 518 4461 O
549 4415 699 4461 cum
727 4396 788 4459 A
831 4396 1037 4463 artius
1065 4397 1449 4463 coniunctus
1477 4397 1683 4462 multo
1730 4416 1930 4480 quam
1961 4400 2076 4462 aut
2109 4397 2159 4460 V
2187 4399 2304 4463 aut
2331 4397 2392 4461 A
2423 4395 2790 4479 corruptior
2818 4401 2937 4473 est,

553 4628 577 4666 ¹
620 4633 919 4689 Perfidiam
968 4633 1174 4688 codicis
1211 4635 1257 4689 P
1295 4635 1462 4691 etiam
1493 4636 1841 4692 Her-mannus
1884 4637 2098 4691 Vsener
2137 4636 2350 4691 notauit
2392 4637 2450 4691 in
2493 4636 2646 4690 Actis
2676 4636 2941 4690 Marinae

464 4733 522 4787 p.
542 4716 580 4773 6
605 4721 662 4772 et
681 4732 786 4786 ego
814 4716 872 4771 in
899 4717 1184 4772 Prochoro
1228 4735 1618 4791 perspexeram
1648 4725 1702 4774 et
1731 4719 1927 4774 moniti
1956 4718 2232 4775 cauebant
2261 4718 2308 4773 si
2337 4718 2552 4791 sapient
2600 4715 2935 4790 'quicumque

469 4815 538 4854 eo
565 4804 815 4857 utentur.
