3650 5684
905 451 994 503 DE
1045 451 1368 516 RELIQVIS
1419 452 1645 505 LIBRIS
1695 451 1999 505 ENSDEM
2050 454 2460 506 ARGVMENTI
2491 530 2512 538 '
2766 455 2915 509 XVII

444 642 645 725 ῥάβδου
687 648 752 715 ἧς
779 632 996 727 ’κατεῖχε
1044 649 1136 704 καὶ
1180 645 1444 727 ἐχώνευσε
1479 648 1546 703 τὰ
1595 644 1762 704 ὕδατα
1792 646 1845 704 ἐν
1875 646 2011 724 αὐτῇ
2031 665 2045 681 ·
2073 650 2173 705 καὶ
2208 647 2407 718 ἐκλήθη
2439 649 2469 704 ὁ
2497 648 2666 713 τόπος
2716 646 2909 709 ἔκτοτε

446 743 630 803 Χῶναι
651 743 694 808 ¹.

529 841 799 907 Praeter
822 862 1223 926 anonymum
1262 841 1618 907 Sisinnium
1660 842 2173 925 Metaphrastam
2217 847 2525 926 quartum
2576 845 2911 927 quendam

446 938 685 1003 librum
741 940 823 1004 de
878 941 1191 1004 miraculo
1236 940 1477 1005 Chonis
1520 943 1780 1022 patrato
1840 940 2115 1006 Michael
2165 943 2253 1007 Le
2277 942 2488 1020 Quien
2538 962 2906 1008 memorare

448 1039 709 1104 uidetur
729 1038 828 1103 his
849 1040 1078 1120 uerbis¹
1097 1058 1267 1123 quae
1297 1039 1639 1121 adscripsit
1661 1039 1748 1104 ad
1774 1040 2037 1105 Ioannis
2080 1041 2472 1106 Damasceni
2501 1045 2906 1107 commenta-

446 1138 618 1203 rium
657 1139 726 1202 in
761 1138 946 1202 Pauli
979 1139 1325 1220 epistulam
1368 1138 1454 1202 ad
1484 1138 1907 1203 Colossenses
1943 1138 1996 1218 1,
2045 1140 2073 1203 1
2106 1162 2121 1203 τ
2151 1139 2611 1205 Narrationem
2643 1140 2853 1224 inquit
2882 1140 2909 1180 ²

447 1237 661 1302 habeo
695 1238 919 1301 Ioanni
946 1237 1354 1303 Damasceno
1377 1237 1732 1319 ascriptam
1762 1257 1896 1320 qua
1926 1238 2130 1303 fertur
2159 1239 2433 1305 Michael
2474 1240 2907 1321 archangelus

449 1335 714 1401 Chonae
764 1336 869 1401 uel
919 1336 1159 1401 Chonis
1206 1336 1583 1419 in-Phrygia
1627 1337 2029 1418 apparuisse.
2067 1337 2201 1402 Sed
2230 1338 2314 1403 de
2357 1358 2437 1403 ea
2478 1358 2549 1403 re
2594 1339 2905 1420 quoniam

446 1436 605 1508 nihil
659 1436 836 1501 aliud
885 1440 1289 1518 compertum
1340 1436 1624 1500 habetur
1673 1439 1740 1500 et
1759 1436 2115 1518 permirum
2148 1437 2233 1502 sit
2279 1438 2335 1501 si
2376 1438 2540 1503 liber
2583 1437 2906 1502 inlustris-

449 1534 595 1599 simi
632 1536 803 1600 illius
832 1536 1164 1618 scriptoris
1207 1535 1469 1599 nomine
1527 1535 1828 1617 quamuis
1863 1536 2025 1600 falso
2082 1539 2353 1601 ornatus
2396 1557 2516 1602 nec
2568 1537 2905 1619 superiore

447 1637 664 1699 aetate
686 1635 771 1699 sit
796 1635 1059 1718 saepius
1089 1634 1450 1715 descriptus
1495 1652 1617 1698 nec
1644 1635 1883 1699 nostris
1912 1636 2320 1717 temporibus
2350 1656 2391 1701 a
2418 1636 2718 1718 pluribus
2762 1635 2906 1700 ani-

445 1732 851 1812 maduersuS,
904 1733 1208 1816 equidem
1263 1732 1649 1799 crediderim
1712 1734 2024 1817 anonymi
2077 1734 2343 1817 aliquod
2397 1735 2772 1817 exemplum
2812 1735 2916 1813 illi,

445 1832 739 1897 oblatum
759 1851 903 1898 esse
932 1852 1063 1897 non
1093 1832 1454 1914 antiquitus
1495 1832 1612 1896 sed
1642 1833 1726 1897 ab
1766 1851 1847 1897 eo
1877 1832 1989 1915 qui
2020 1832 2328 1898 obtulerit
2378 1833 2518 1898 siue
2548 1834 2906 1899 diuinando

447 1950 531 1995 ne
554 1931 767 1997 dicam
789 1931 1169 1996 hariolando
1190 1950 1306 1996 seu
1334 1949 1452 2013 per
1480 1930 1778 1996 fraudem
1800 1930 2027 1996 Ioanni
2050 1932 2458 1998 Damasceno
2482 1933 2906 2015 adscriptum.

532 2245 556 2284 ¹
583 2252 899 2321 Menologio
929 2253 1093 2323 paulo
1122 2250 1370 2322 pleniore
1392 2268 1644 2306 sermone
1673 2267 1876 2320 graeco
1903 2251 2124 2320 uolgari
2153 2251 2464 2323 conscripto
2484 2269 2619 2306 usus
2650 2259 2733 2307 est
2761 2253 2912 2307 Iaco-

445 2335 551 2390 bus
581 2335 748 2399 Goar,
775 2334 872 2406 qui
899 2334 970 2388 ad
996 2334 1215 2388 Ioannis
1245 2334 1508 2405 Scylitzae
1537 2352 1593 2405 p.
1621 2333 1740 2389 834
1763 2331 1995 2407 (Migne,
2012 2333 2237 2388 Par-rol.
2266 2351 2363 2404 qr.
2384 2340 2426 2392 t.
2447 2334 2657 2390 CXXII
2678 2353 2733 2406 p.
2772 2334 2913 2410 415)

448 2435 517 2471 ex
545 2435 610 2471 eo
631 2434 751 2471 rem
776 2416 1025 2471 breuiter
1044 2418 1237 2482 refert,
1252 2417 1380 2471 dein
1399 2417 1536 2471 haec
1558 2415 1752 2470 adicit:
1773 2415 2174 2471 Monasterium
2193 2416 2450 2486 uoragini
2471 2422 2913 2488 superstructum

445 2500 625 2554 adhuc
653 2506 871 2554 exstare
899 2505 955 2554 et
981 2498 1111 2553 urbi
1140 2493 1362 2575 Μιχαὴλ
1389 2495 1597 2557 Χώναις
1626 2515 1824 2552 nomen
1845 2499 1924 2552 ab
1961 2516 2026 2552 eo
2062 2498 2383 2570 impositum
2418 2499 2616 2553 docent
2657 2499 2752 2571 qui
2782 2499 2909 2554 uisu

445 2587 744 2655 utrumque
769 2583 1171 2636 lustrauerunt.
1208 2613 1289 2621 —
1316 2575 1343 2613 ²
1370 2582 1533 2653 Apud
1554 2581 1766 2651 Migne,
1793 2581 2019 2636 Patrol.
2041 2598 2138 2651 qr.
2164 2587 2210 2636 t.
2245 2580 2397 2636 XCV
2426 2599 2483 2654 p.
2514 2581 2655 2638 883.
