3650 5684
24 674 33 867 Jv-ssr-ffivss
28 634 31 643 n
24 512 31 623 ,μιν-ι-
24 414 31 503 -ν-ν-υ-
24 390 25 405 ᾼ
24 368 25 377 ⁴

760 414 867 469 Π
1813 411 2047 464 CAPVT
2095 411 2171 467 111

762 624 909 671 esse
935 609 1010 671 ut
1031 604 1114 670 de
1132 602 1515 685 religionum
1536 602 1780 685 origine
1805 605 1872 667 et
1898 602 2111 668 causis
2142 604 2518 685 quaeratur.
2542 601 2798 684 Lipsius
2820 602 2923 667 uir
2946 602 3226 669 clarissi-

761 725 911 771 mus
934 704 1229 769 fabulam
1258 722 1406 768 eam
1435 702 1632 767 fuisse
1662 704 1953 786 ἐπιχώριον
1979 712 2326 784 perperam
2348 705 2423 766 ut
2452 700 2612 765 mihi
2655 701 2922 783 quidem
2963 702 3226 766 uidetur

762 804 997 870 conicit
1046 804 1089 867 ².
1132 822 1290 867 nam
1340 802 1596 867 etiamsi
1630 806 1848 866 terrae
1896 801 2065 866 illius
2111 800 2362 865 incolae
2404 799 2706 883 Philippo
2763 801 3060 883 apostolo
3102 819 3223 866 suo

762 907 879 970 aut
903 902 1126 968 Ioanni
1156 903 1370 967 minus
1413 900 1535 966 sibi
1572 900 1874 965 familiari
1904 905 2020 965 aut
2046 900 2308 982 utrique
2350 899 2614 981 fontem,
2643 900 2825 964 illum
2868 902 3225 965 salutarem

758 1005 1102 1085 acceptum
1141 1002 1563 1093 rettulissent,
1585 1019 1717 1065 non
1747 1003 1888 1077 erat
1917 999 2095 1083 quod
2124 1018 2275 1064 cum
2316 998 2764 1081 praedictione
2793 998 2904 1063 illa
2930 998 3224 1064 miraculi

654 1186 660 1194 ἢ
758 1100 1089 1166 Michaelis
1110 1099 1306 1165 fontis
1334 1104 1551 1164 ortum
1579 1099 2066 1181 coniungerent.
2095 1099 2221 1163 hoc
2250 1098 2518 1181 quidem
2545 1100 2719 1162 certe
2743 1097 2894 1163 fecit
2921 1098 2977 1162 is
3000 1099 3111 1180 qui
3140 1099 3222 1164 de

758 1200 1079 1265 miraculo
1107 1199 1216 1263 illo
1238 1199 1371 1263 iam
1398 1202 1781 1263 narraturus
1803 1201 1962 1263 erat.
2010 1198 2113 1262 cui
2141 1216 2274 1261 non
2294 1196 2512 1261 multo
2543 1196 2868 1262 difficilius
2921 1197 3042 1262 fuit
3083 1217 3223 1263 rem

760 1302 974 1364 totam
998 1297 1414 1363 comminisci.
1442 1302 1513 1361 at
1531 1317 1614 1362 ne
1642 1297 1801 1362 illud
1849 1296 2115 1378 quidem
2142 1296 2407 1361 uidetur
2451 1296 2720 1360 concedi
2749 1316 2963 1378 posse.
2991 1316 3146 1361 nam
3169 1296 3225 1361 si

760 1399 850 1464 ab
879 1397 1188 1480 apostolis
1209 1397 1462 1462 incolae
1484 1396 1733 1461 fontem
1754 1397 2111 1461 excitatum
2133 1415 2276 1460 esse
2300 1395 2661 1473 crederent,
2684 1414 2799 1459 cur
2839 1395 3222 1461 Michaelem

762 1497 1195 1562 inuocarent?
1223 1497 1396 1560 hunc
1439 1498 1660 1560 autem
1690 1495 1900 1560 solum
1931 1499 1998 1559 et
2020 1494 2264 1559 circum
2293 1494 2541 1560 fontem
2572 1494 2834 1558 adorari
2863 1494 3127 1560 solitum
3157 1497 3223 1558 et

763 1596 830 1660 in
853 1595 990 1661 eius
1011 1597 1324 1659 honorem
1349 1594 1665 1677 templum
1689 1594 2106 1658 aedificatum
2134 1612 2277 1658 esse
2300 1596 2368 1658 et
2388 1612 2753 1675 anonymus
2776 1613 2927 1658 cum
2946 1593 3222 1659 adseclis

762 1695 895 1760 suis
920 1699 983 1758 et
1010 1713 1236 1758 omnes
1265 1697 1608 1775 praeterea
1639 1712 1864 1758 rerum
1892 1693 2243 1775 scriptores
2273 1711 2406 1756 uno
2446 1710 2560 1756 ore
2589 1694 2933 1757 testantur.
2965 1713 3098 1776 qua
3142 1693 3224 1758 de

758 1814 964 1859 causa
991 1813 1074 1858 ne
1120 1793 1279 1858 illud
1306 1792 1573 1876 quidem
1602 1793 1782 1874 quod
1821 1791 2198 1874 nuperrime
2240 1790 2475 1856 Petrus
2520 1791 2781 1856 Batiffol
2809 1792 3151 1875 proposuit
3179 1792 3223 1871 2,

764 1880 1056 1957 miraculi
1086 1892 1471 1956 memoriam
1514 1910 1593 1955 ea
1641 1890 2020 1955 narratione
2048 1909 2249 1974 quam
2277 1909 2398 1954 nos
2443 1889 2510 1953 in
2546 1890 2758 1955 lucem
2786 1892 3224 1973 protraximus

762 1992 971 2056 multo
991 1990 1424 2072 antiquiorem
1451 1990 1605 2055 inde
1629 1990 1712 2054 ab
1743 1989 1928 2055 initio
1960 2008 2109 2054 cum
2131 1988 2412 2073 Philippi
2436 1993 2502 2053 et
2522 1988 3007 2055 Bartholomaei
3036 2010 3227 2076 apos-

734 2082 1045 2155 tolorum
1086 2089 1283 2154 rebus
1321 2088 1833 2171 Hierapolitanis
1878 2088 2289 2153 coniunctam
2316 2088 2535 2168 fuisse,
2556 2089 2747 2153 nobis
2775 2088 2880 2153 uir
2931 2089 3227 2155 doctissi-

763 2209 911 2255 mus
938 2189 1261 2271 probauit.

850 2486 875 2523 1
901 2491 957 2546 11
983 2491 1020 2547 2
1042 2509 1099 2562 p.
1136 2490 1234 2547 24.
1263 2522 1346 2532 -
1372 2485 1399 2524 2
1417 2448 2188 2562 &adierampatnsticorum
2214 2493 2348 2547 fasc.
2383 2492 2432 2556 1,
2462 2491 2643 2546 Paris.
2688 2491 2863 2565 1889,
2894 2510 2952 2564 p.
2989 2492 3090 2548 33.
