3650 5684
866 466 955 518 DE
1005 466 1328 529 RELIQVIS
1378 466 1607 518 LIBRIS
1657 433 1958 518 Elvsnlm
2009 464 2419 516 ARGVMENTI
2781 465 2881 517 XV

495 652 811 718 Sisinnius
840 672 1052 735 aeque
1082 673 1159 718 ac
1196 654 1772 737 Symeoanonymi
1800 653 2251 719 narrationem
2284 655 2614 735 μετέφρασεν
2637 672 2651 686 ·
2684 655 2881 736 atque

412 750 583 817 inter
603 753 725 817 hos
755 771 923 834 quae
951 754 1119 818 ratio
1142 753 1505 818 intercedat
1533 753 1664 817 iam
1707 758 1913 818 restat
1943 756 2018 818 ut
2065 754 2423 836 quaeratur
2443 772 2657 817 ..nam
2689 751 2882 815 alter-

414 854 634 915 utrum
659 851 921 916 alterius
942 852 1107 916 libro
1131 872 1323 917 usum
1353 872 1496 917 esse
1534 853 1633 917 his
1678 852 1837 917 locis
1860 851 2296 935 persimilibus
2328 852 2590 925 uidetur
2618 849 2881 932 probari

417 969 634 1031 posse.
658 950 897 1015 Sisinni
932 952 968 1035 ἕ
998 951 1037 1015 3
1065 962 1174 1011 τῶν
1203 961 1297 1011 τοῦ
1326 952 1492 1032 λόγου
1516 954 1765 1033 κηρύκων
1884 957 1982 1017 τὰς
2005 952 2189 1018 πόλεις
2228 957 2318 1010 καὶ
2351 953 2542 1027 κώμας
2573 952 2882 1031 περιιόντων

418 1049 494 1114 Cf.
527 1068 674 1113 cum
703 1051 1188 1134 Metaphrastae
1230 1051 1330 1133 20,
1359 1052 1463 1127 15;
1487 1052 1598 1128 δ’σῳ
1621 1056 1712 1111 καὶ
1740 1051 2001 1117 πλειόνως
2037 1053 2292 1132 ἠγαπήθη
2337 1050 2418 1115 cf.
2451 1069 2598 1114 cum
2638 1049 2738 1126 20,
2772 1046 2881 1124 173

418 1152 480 1208 τὸ
616 1159 723 1214 τοῖς
753 1152 995 1221 ἀνοήτοις
1036 1153 1336 1229 τιμώμενον
1363 1162 1458 1229 τῇς
1481 1150 1879 1232 Ἀρτέμιδος...
1915 1151 2137 1232 ἄγαλμα
2165 1150 2245 1216 cf.
2294 1170 2443 1214 cum
2481 1149 2580 1227 21,
2626 1149 2731 1225 113
2761 1152 2797 1227 ἓ
2840 1146 2878 1209 7

419 1251 449 1304 ὃ
478 1245 535 1304 δὲ
558 1248 889 1329 ἀφυπνισθείς
914 1267 1061 1312 cum
1092 1249 1188 1323 22,
1209 1248 1318 1323 9273
1350 1248 1386 1331 ξ
1416 1247 1455 1311 8
1477 1250 1686 1331 χρόνων
1721 1251 2029 1319 ἐνενήκοντα
2059 1267 2207 1312 cum
2238 1249 2340 1326 25,
2365 1242 2473 1322 253
2511 1248 2546 1329 ξ
2598 1246 2670 1308 12
2703 1250 2734 1304 ὁ
2770 1253 2879 1303 τῶν

420 1347 657 1413 ζιζανίων
687 1349 913 1428 σπορεύς
944 1367 1090 1411 cum
1122 1347 1221 1425 25,
1259 1347 1359 1423 193
1391 1347 1427 1431 ἓ
1459 1347 1531 1411 13
1561 1350 1668 1407 ἀπὸ
1689 1360 1786 1418 τῆς
1817 1350 2114 1429 ἀκρωρείας
2148 1345 2434 1427 ἀρξάμενοι
2455 1364 2603 1410 cum
2633 1345 2732 1420 25,
2765 1343 2878 1419 243

420 1442 456 1526 ἓ
485 1445 560 1507 15
590 1447 663 1511 εἰς
690 1446 911 1527 οὐρανὸν
939 1446 1138 1517 διήκων
1165 1466 1315 1513 cum
1344 1447 1443 1523 27,
1467 1447 1526 1510 9.
1557 1449 1625 1511 at
1655 1450 1804 1510 sunt
1834 1446 1998 1510 haec
2019 1446 2242 1523 uerba,
2267 1445 2506 1509 dixerit
2535 1443 2879 1527 quispiam,
2982 1511 2988 1516 ,

419 1542 735 1607 eiusmodi
770 1548 844 1609 ut
871 1545 938 1610 in
967 1545 1222 1627 scriptis
1252 1546 1546 1610 eiusdem
1577 1547 1941 1627 argumenti
1962 1545 2103 1610 fieri
2132 1545 2416 1627 potuerit
2445 1548 2517 1607 ut
2546 1543 2806 1608 fortuito
2838 1560 2880 1606 a

421 1641 674 1706 duobus
712 1644 1134 1726 scriptoribus
1186 1646 1479 1710 eiusdem
1522 1646 1754 1710 aetatis
1801 1645 2050 1710 eisdem
2094 1645 2249 1709 locis
2299 1647 2715 1725 ponerentur.
2738 1639 2883 1706 fieri

419 1742 708 1824 potuisse
732 1744 958 1820 fateor,
988 1748 1058 1808 at
1085 1763 1218 1808 non
1247 1748 1347 1809 est
1367 1744 1506 1809 ueri
1536 1745 1743 1808 simile
1764 1748 1839 1809 ut
1876 1745 2120 1808 factum
2146 1744 2247 1807 sit.
2280 1748 2344 1808 et
2373 1746 2526 1806 sunt
2553 1741 2752 1805 etiam
2774 1759 2878 1807 res

421 1841 744 1921 quaedam
773 1844 1073 1924 quamuis
1096 1844 1387 1908 minutae
1410 1862 1580 1926 quae
1600 1862 1746 1908 cum
1770 1844 1902 1907 sint
1924 1844 2008 1908 ab
2032 1862 2361 1926 anonymo
2384 1842 2635 1906 alienae
2661 1839 2879 1904 nescio

420 1957 506 2002 an
552 1940 840 2021 aliquam
887 1940 1143 2006 illorum
1202 1942 1595 2024 peculiarem
1648 1942 2172 2007 communionem
2214 1942 2522 2006 indicent.
2545 1940 2728 2004 uelut
2770 1938 2879 2002 illa

418 2041 448 2097 ὁ
478 2040 584 2097 τῶν
615 2042 854 2108 ζιζανίων
881 2044 1108 2121 σπορεύς
1140 2044 1205 2105 et
1233 2041 1551 2106 Sisinnius
1582 2041 1618 2124 ξ
1654 2042 1729 2105 19.
1757 2046 1823 2106 et
1853 2042 2300 2124 Metaphrasta
2330 2042 2428 2116 25,
2466 2040 2541 2103 19
2570 2058 2701 2102 non
2730 2039 2880 2120 post

416 2135 765 2202 fluuiorum
796 2139 1300 2222 descriptionem
1332 2141 1828 2218 collocauerunt‚
1853 2144 1927 2205 ut
1955 2161 2074 2223 pro
2104 2141 2415 2222 anonymi
2444 2141 2536 2216 10,
2567 2139 2644 2202 10
2663 2136 2880 2201 multi-

418 2236 566 2318 plici
595 2238 705 2301 illa
739 2237 978 2302 diaboli
1009 2240 1443 2322 appellatione
1474 2242 1812 2322 supposita
1841 2240 2207 2315 uideantur,
2238 2239 2356 2303 sed
2384 2239 2582 2321 paulo
2611 2241 2782 2314 ante,
2814 2238 2880 2300 et

417 2335 485 2399 in
509 2337 833 2401 sententia
863 2340 1192 2422 utrimque
1219 2339 1570 2422 persimili:
1599 2344 1673 2405 ὡς
1716 2340 1761 2398 δ’
1791 2343 2042 2410 ἀνήνυτον
2069 2345 2138 2398 τὰ
2163 2342 2458 2421 ἐγχείρημα
2488 2345 2578 2397 καὶ
2623 2337 2771 2396 οὐδὲν
2814 2338 2877 2407 ἦν

420 2438 598 2502 αὐτοῖς
643 2437 867 2501 πλέον...
897 2438 1247 2520 διηποροῦντο
1277 2442 1312 2498 δ’
1334 2463 1387 2497 τι
1425 2445 1517 2498 καὶ
1543 2438 1804 2520 δράσαιεν.
1836 2439 1957 2498 ἀλλ’
2001 2442 2032 2498 ὁ
2076 2449 2182 2497 τῶν
2226 2441 2465 2507 ζιζανίων
2506 2439 2733 2518 σπορεὺς
2777 2436 2876 2494 οὐκ

420 2534 644 2594 ἐνεδίδου
694 2539 1016 2619 ὑποσπορῶν
1071 2539 1249 2604 αὐτοῖς
1298 2544 1388 2597 καὶ
1436 2539 1810 2616 ὑποτιθέμενος
1863 2541 2002 2619 ἅπερ
2048 2540 2110 2609 ἦν
2152 2540 2293 2603 εἰκός
2332 2539 2451 2601 κτλ.
2506 2536 2704 2600 etiam
2757 2552 2878 2617 pro

417 2653 626 2716 paruo
669 2636 952 2699 oratorio
982 2637 1289 2719 anonymi
1315 2637 1376 2715 4,
1403 2637 1477 2701 17
1508 2637 1957 2719 Metaphrasta
1985 2637 2149 2701 haec
2177 2636 2395 2719 posuit
2424 2635 2522 2714 23,
2565 2636 2640 2699 19
2670 2644 2874 2697 ναοῦ...

419 2733 740 2811 Οἰκοδομὴ...
791 2741 881 2794 καὶ
921 2736 1218 2808 πολυτελὴς
1268 2740 1466 2818 ὀροφή,
1518 2737 1838 2801 Sisinnius
1882 2738 1914 2821 ἓ
1965 2737 2002 2800 7
2045 2736 2247 2801 haec:
2299 2741 2359 2795 τὸ
2401 2737 2481 2794 ἐπ’
2520 2738 2739 2812 ὀνόματι
2780 2739 2880 2792 τοῦ

418 2834 849 2915 ἀρχιστρατήγου
900 2836 1123 2918 Μιχαὴλ
1169 2837 1352 2894 αὐτόθι
1387 2837 1660 2917 εὸκτήριον
1698 2837 2021 2917 περικαλλὲς
2070 2839 2454 2915 ἀπειργάσατο.
2517 2853 2674 2898 nam
2716 2830 2876 2897 illud

415 2949 550 2995 non
596 2951 824 3013 premo
854 2934 1030 3017 quod
1081 2934 1390 3015 deinceps
1438 2939 1716 3018 pergunt
1752 2936 2199 3017 Metaphrasta
2252 2935 2517 3017 passim,
2556 2932 2875 2997 Sisinnius

418 3031 452 3111 ἓ
486 3030 561 3092 15
603 3035 726 3090 ναὸν
752 3031 935 3096 11111111
967 3033 1202 3111 dicere,
1232 3034 1381 3116 quia
1437 3035 1635 3098 etiam
1685 3054 2053 3116 anonymus
2091 3040 2213 3094 ναὸν
2264 3033 2548 3115 appellat
2606 3033 2698 3109 12,
2724 3031 2760 3094 7
2814 3034 2878 3095 et

418 3132 565 3188 οἷκον
601 3130 692 3206 13,
718 3131 812 3194 14.
857 3131 1142 3214 denique
1198 3153 1277 3204 ea
1334 3153 1504 3215 quae
1546 3134 1674 3198 iam
1705 3153 1907 3215 supra
1942 3134 1963 3171 ¹
2014 3133 2354 3198 attulimus
2390 3132 2597 3196 uerba
2639 3129 2879 3195 Sisinni

418 3229 452 3309 ἓ
479 3227 520 3291 8
542 3233 696 3295 οὗτος
722 3231 930 3290 ἐπειδὰν
973 3236 1109 3313 πρὸς
1146 3235 1337 3313 μέτρον
1367 3238 1465 3304 ἧκε
1495 3244 1592 3304 τῆς
1633 3233 1965 3304 τελειότητος
1995 3242 2245 3292 τοσοῦτον
2277 3242 2371 3303 τῆς
2402 3235 2679 3301 ἀσκήσεως
2701 3230 2877 3312 ε’ίχετο

420 3328 558 3385 ὥστε
598 3328 765 3409 ἄρτου
813 3330 848 3400 ἢ
880 3330 1021 3389 οἴνου
1068 3332 1101 3401 ἢ
1147 3342 1254 3390 τῶν
1312 3331 1492 3390 ἄλλων
1530 3331 1803 3409 ἐδωδίμων
1842 3332 2027 3390 ἔκτοτε
2066 3335 2139 3408 μὴ
2194 3330 2536 3409 μεταλαβεῖν,
2589 3321 2881 3392 consulto

417 3425 810 3508 redarguere
851 3428 1111 3493 uidetur
1139 3430 1377 3512 Symeo
1422 3430 1521 3509 ⁶24,
1565 3431 1605 3493 5
1633 3430 1734 3494 his
1775 3430 1996 3494 uerbis
2023 3452 2038 3494 z
2070 3434 2145 3496 ὡς
2175 3434 2311 3506 μήτε
2340 3430 2501 3510 ἄρτον
2530 3433 2591 3491 τὸ
2629 3431 2882 3508 παράπαν

421 3526 843 3606 μεταλαμβάνειν
884 3528 1011 3606 μήτ’
1054 3529 1220 3587 ἄλλου
1264 3539 1369 3588 τῶν
1426 3534 1498 3594 εἰς
1558 3532 1752 3611 βρῶσιν
1796 3532 2064 3610 ἀνθρώπῳ
2126 3529 2443 3607 μεταλαβεῖν
2500 3529 2877 3607 ἀναγκαίων...

417 3629 508 3682 καὶ
534 3635 702 3684 ταῦτα
730 3636 854 3694 παῖς
884 3628 957 3685 ὢν
980 3633 1070 3686 καὶ
1099 3631 1266 3705 μήπω
1297 3628 1622 3709 τελειοτέρας
1642 3630 1914 3707 ἁψάμενος
1942 3629 2175 3705 ἡλικίας,
2210 3635 2240 3686 ὃ
2276 3636 2469 3708 μικροῦ
2506 3632 2596 3686 καὶ
2631 3628 2876 3691 ἀπιστίας

417 3723 679 3802 ἐγγύτατα
709 3727 790 3796 ἦν.

501 3821 639 3887 Iam
667 3826 827 3905 puto
856 3843 1083 3889 omnes
1112 3826 1521 3890 consentient
1551 3829 1616 3890 et
1656 3826 2175 3908 Metaphrastam
2224 3845 2345 3890 suo
2375 3845 2556 3890 more
2592 3828 2658 3888 et
2683 3823 2881 3888 Sisin-

417 3921 600 3985 nium
630 3924 935 4006 anonymi
965 3925 1404 3989 narrationem
1456 3926 1934 4003 retractauisse‚
1977 3945 2310 4007 perpauca
2361 3924 2543 3989 illum
2599 3943 2681 3987 ex
2722 3922 2886 3987 actis

420 4022 808 4104 apocryphis
850 4023 1167 4088 adiecisse
1217 4044 1293 4089 ac
1335 4023 1539 4088 uerba
1569 4024 1898 4107 quaedam
1941 4024 2216 4089 fortasse
2248 4024 2332 4087 ab
2361 4023 2484 4088 hoc
2513 4025 2886 4087 mutuatum

421 4139 583 4184 esse.
614 4121 787 4186 solus
810 4122 1002 4204 igitur
1030 4142 1394 4206 anonymus
1424 4143 1644 4187 rerum
1666 4124 1969 4189 inuentor
1992 4127 2106 4213 aut
2129 4123 2361 4188 saltem
2392 4122 2620 4187 auctor
2648 4122 2887 4204 prima-

418 4218 553 4282 rius
579 4221 808 4285 haberi
831 4221 1047 4300 debet,
1068 4222 1211 4286 illos
1231 4223 1402 4304 leget
1430 4222 1482 4286 si
1514 4222 1659 4304 quis
1681 4224 2036 4287 uerborum
2060 4223 2299 4287 tinnitu
2322 4221 2701 4286 delectatur.

500 4320 574 4383 In
603 4321 977 4403 menologiis
1001 4322 1168 4386 adeo
1190 4340 1295 4386 res
1325 4325 1696 4387 contractae
1720 4326 1874 4387 sunt
1897 4326 1963 4387 et
1989 4323 2057 4387 in
2087 4325 2436 4404 angustum
2467 4320 2789 4385 deductae
2814 4323 2889 4385 ut

421 4417 699 4483 discerni
747 4420 859 4484 uix
900 4420 1104 4502 possit
1153 4421 1330 4485 unde
1381 4425 1684 4503 sumptae
1736 4421 1885 4497 sint.
1931 4422 2048 4486 sed
2091 4442 2173 4486 ex
2216 4439 2545 4504 anonymo
2574 4420 2740 4485 libro
2772 4439 2885 4493 eas

421 4519 731 4599 repetitas
762 4537 905 4584 esse
928 4521 1298 4585 coniectura
1328 4525 1424 4584 est
1452 4520 1640 4603 longe
1669 4520 2216 4603 probabilissima.
2246 4520 2683 4602 menologium
2714 4519 2887 4584 enim

422 4616 821 4683 Basilianum
864 4619 1119 4683 etiamsi
1154 4639 1304 4685 cum
1334 4619 1714 4685 Hermanno
1743 4620 1992 4685 Vsener
2014 4619 2040 4657 ²
2063 4620 2149 4684 ab
2180 4639 2257 4684 eo
2281 4620 2676 4701 imperatore
2713 4637 2887 4701 coms

510 4815 534 4854 ¹
555 4824 622 4881 P.
658 4839 775 4878 xlv.
805 4853 885 4862 —
910 4815 935 4854 Β
955 4823 1250 4892 Leyenden
1277 4824 1381 4877 der
1410 4825 1650 4894 Pelaqia
1679 4842 1735 4895 p.
1772 4823 1873 4880 53.
