3650 5684
441 392 642 485 [313]
1308 412 1561 465 cnoms
1611 413 2015 466 PATRATUM.
2601 478 2606 483 .
2806 394 2901 466 025

441 607 544 673 καὶ
592 608 697 674 τὸν
749 606 963 675 ὀδόντα
1014 608 1157 684 συὸς
1199 608 1423 700 τρόπον
1457 605 1583 673 καθ’
1618 607 1914 701 ἑκατέρων
1957 606 1980 644 ¹
2017 608 2215 675 αὐτῶν
2251 603 2652 688 ὑποθηξαντες
2702 612 2761 676 οἳ
2793 612 2903 700 μὲν

439 725 563 790 τῶν
588 726 821 817 τριχῶν
853 721 1278 815 λαμβάνονται
1310 725 1418 792 τοῦ
1453 723 1792 817 Ἀρχίππου
1829 724 1932 790 καὶ
1967 722 2240 816 ῥάβδοις,
2283 718 2333 789 ὢ
2371 726 2608 817 μιαρῶν
2641 730 2895 819 χειρῶν,

441 840 629 929 ὠμῶς
662 838 819 934 ἄγαν
854 839 1215 919 αἰκίζονται,
1249 813 1309 908 οί
1359 839 1422 907 δὲ
1456 842 1611 905 κατὰ
1648 841 1756 907 τοῦ
1792 841 1972 934 ἁγίου
2007 839 2223 917 ὕδατος
2261 842 2489 907 ἐκείνου
2524 839 2551 877 ²
2585 842 2902 934 συρρέουσι

439 955 638 1031 κακῶς
699 980 761 1021 τι
796 951 824 992 ⁸
870 951 973 1020 καὶ
1015 956 1193 1022 τοῦτο
1238 952 1528 1021 διαθεῖναι
1574 953 1942 1048 πειρώμενοι
1975 1008 1993 1027 .
2037 951 2200 1023 ἀλλὰ
2250 957 2380 1032 τοῖς
2425 957 2535 1046 μὲν
2587 958 2652 1023 αἱ
2700 959 2904 1051 χεῖρες

371 1095 402 1146 5
442 1070 730 1162 ἐνάρκων,
783 1072 912 1147 τοῖς
962 1069 1027 1138 δὲ
1072 1071 1175 1137 καὶ
1226 1066 1376 1166 φλὸξ
1427 1068 1650 1139 ἐκεῖθεν
1702 1072 1856 1136 κατὰ
1907 1072 2110 1162 στόμα
2153 1073 2648 1164 προσυπαντῶσα
2698 1074 2904 1150 κενοὺς

439 1187 828 1282 ἀναστρέφειν
862 1185 1250 1254 ἐποίει··ὅθεν
1277 1187 1381 1253 καὶ
1411 1187 1565 1278 πρὸς
1601 1187 1808 1278 ἑτέραν
1844 1187 2167 1279 τρέπονται
2203 1187 2521 1281 μηχανήν,
2572 1187 2766 1284 ταύτῃ
2804 1189 2905 1255 καὶ

437 1301 541 1367 τὸν
561 1301 907 1396 Ἄρχιππον
933 1298 1170 1369 ἀνελεῖν
1197 1302 1300 1368 καὶ
1324 1297 1513 1381 αὐτῆς
1541 1299 1606 1370 δὲ
1631 1304 1746 1382 τῆς
1771 1304 1878 1369 τοῦ
1907 1300 2124 1379 ὕδατος
2153 1303 2457 1397 ἐνεργείας
2483 1302 2905 1398 περιγενέσθαι

441 1413 804 1509 βουλόμενοι
834 1473 850 1489 .
897 1419 993 1495 τίς
1041 1414 1147 1485 οὖν
1190 1419 1232 1497 ὴ
1285 1418 1578 1513 μηχανής
1632 1418 1919 1511 παρέρρει
1975 1423 2064 1508 τῷ
2126 1420 2233 1485 τοῦ
2284 1420 2431 1486 ναοῦ
2493 1417 2903 1513 θυσιαστηρίῳ

436 1535 712 1625 ποταμὸς
761 1538 826 1602 έν
879 1538 1165 1628 ἀριστερᾷ
1214 1533 1451 1627 Χρύσος
1484 1532 1514 1571 ⁴
1553 1531 1745 1626 ὄνομα
1773 1551 1792 1570 ·
1839 1532 2056 1600 τούτου
2094 1536 2532 1628 μετοχετεῦσαι
2564 1536 2636 1602 τὸ
2673 1534 2905 1628 ῥεῖθρον

337 1674 403 1725 ⁴0
437 1650 610 1715 αὐτοὶ
645 1648 1038 1742 διεσκέψαντο
1064 1650 1167 1717 καὶ
1200 1654 1287 1739 τῷ
1324 1651 1485 1744 ἁγίῳ
1519 1648 1693 1716 ὕδατι
1721 1651 2063 1745 ἐπαφεῖναι,
2097 1650 2264 1728 ὅπως
2291 1655 2354 1718 έν
2380 1655 2457 1746 τῇ
2495 1648 2787 1747 συμβολῇ
2816 1656 2902 1741 τῷ

436 1767 721 1856 ποταμίῳ
776 1765 1032 1859 ῥεύματι
1078 1767 1148 1833 τὸ
1186 1764 1345 1857 ὕδωρ
1393 1767 1583 1833 έκεῖνο
1623 1766 1694 1832 τὸ
1744 1763 1900 1833 θεῖον
1945 1768 2230 1860 έπιμιγὲν
2282 1766 2503 1856 μηκέτι
2553 1767 2666 1847 τὴν
2712 1767 2904 1846 αὐτὴν

437 1881 739 1975 ἐνέργειαν
758 1880 904 1976 ἔχον
930 1877 1268 1962 διατελοίη,
1287 1877 1450 1947 ἀλλὰ
1475 1882 1597 1947 τῶν
1627 1883 1902 1971 ἰαμάτων
1931 1877 2242 1971 ἀποβάλοι
2266 1883 2379 1962 τὴν
2407 1880 2689 1973 δύναμιν.
2708 1883 2902 1949 ταῦτα

438 1998 550 2086 μὲν
584 1993 689 2064 οὖν
723 2000 971 2066 ἐκεῖνοι*
1007 1998 1110 2064 καὶ
1147 1997 1623 2092 μεταστρέφεται
1656 1996 1798 2088 παρ’
1824 1998 2028 2064 αὐτῶν
2054 1998 2124 2064 τὸ
2157 1999 2265 2064 τοῦ
2298 1999 2580 2089 ποταμοῦ
2618 1996 2777 2091 ὕδωρ
2819 1998 2903 2075 ὡς

437 2106 510 2178 ἂν
537 2111 861 2209 ἐπαφεθείη
896 2118 983 2203 τῷ
1030 2114 1405 2208 ἃγιάσματι·
1438 2113 1507 2179 τὸ
1534 2110 1624 2189 δέ,
1666 2105 1716 2178 ὢ
1744 2108 1839 2207 (1)
1865 2111 1967 2178 καὶ
1999 2114 2113 2192 τῆς
2139 2115 2245 2179 τοῦ
2282 2111 2418 2179 θεοῦ
2452 2111 2767 2202 δυνάμεως
2800 2113 2903 2180 καὶ

339 2250 404 2302 m
436 2228 550 2306 τῆς
582 2229 706 2294 τῶν
733 2226 974 2317 ἀσεβῶν
1013 2222 1477 2320 ματαιοπονίας,
1520 2228 1642 2320 οὐχ
1684 2225 1768 2303 ὡς
1812 2226 2020 2302 αὐτοῖς
2064 2224 2468 2305 ἐσπουδάζετο
2510 2231 2573 2294 ἐν
2618 2231 2904 2321 ἀριστερᾷ

437 2344 737 2437 κατέρρει,
772 2340 934 2411 ἀλλὰ
959 2345 1072 2424 τὴν
1107 2345 1384 2412 ἐναντίαν
1419 2343 1701 2435 ἐτρέπετο
1728 2342 1832 2407 καὶ
1867 2342 2020 2434 πρὸς
2051 2344 2124 2408 τὰ
2160 2337 2322 2435 δεξιὰ
2360 2339 2599 2434 μᾶλλον
2635 2340 2901 2434 ἔμπαλιν

439 2459 634 2556 ἀνῄει,
685 2457 953 2554 καθάπερ
1002 2458 1079 2540 δὴ
1127 2457 1279 2526 καίῦ
1314 2462 1400 2536 είς
1434 2456 1608 2551 δεῦρο
1642 2456 1969 2551 καθορᾶται
2002 2459 2141 2551 ῥέον
2169 2477 2188 2496 ·
2227 2458 2311 2535 ὡς
2345 2454 2450 2525 οὖν
2486 2458 2587 2524 ἀπ’
2626 2460 2899 2535 ἐναντίας

437 2577 642 2654 αὐτοῖς
675 2576 746 2643 τὸ
778 2580 1039 2672 πρᾶγμα
1073 2575 1322 2670 ἐχώρει,
1354 2572 1457 2641 καὶ
1490 2577 1532 2655 ὴ
1564 2573 1767 2642 ἀδικία
1800 2576 1956 2641 κατὰ
1991 2576 2096 2642 τὸν
2132 2573 2288 2642 θεῖον
2324 2575 2509 2669 φάναι
2535 2573 2726 2642 Δαυὶδ
2754 2573 2783 2613 ⁶
2808 2570 2902 2670 (2)

438 2690 733 2782 ἐψεύσατο
761 2692 1008 2772 ἑαυτήν,
1050 2690 1326 2784 δεύτερόν
1355 2714 1418 2757 τι
1454 2690 1692 2767 τούτοις
1728 2694 1760 2758 ὃ
1794 2694 1904 2760 τοῦ
1918 2692 2224 2784 ,προτέρου
2265 2688 2477 2782 μεῖζόν
2513 2693 2676 2758 ἐστιν
2712 2692 2744 2757 ὁ
2779 2692 2901 2757 τῶν

340 2829 404 2881 20
438 2806 720 2887 ζιζανίων
747 2807 1008 2900 σπορεὺς
1040 2808 1255 2896 καὶτῷ
1291 2807 1454 2901 γένει
1486 2808 1609 2874 τῶν
1644 2805 1976 2899 ἀνθρώπων
2008 2804 2306 2898 πολέμιος
2334 2804 2692 2887 ὑποτίθησιν
2723 2826 2740 2844 ·
2779 2805 2903 2901 ἐγὼ

437 2919 501 2989 δὲ
526 2924 629 2990 καὶ
653 2926 832 2990 τοῦτο
858 2921 1084 2991 ἄνωθεν
1119 2919 1449 3012 ἀναλαβὼν
1495 2921 1522 2960 ⁷
1556 2921 1960 3017 διηγήσομαι.

535 3040 619 3112 Z‘.
671 3079 768 3090 —
816 3039 1086 3131 ποταμοὶ
1145 3037 1251 3107 δύο
1310 3039 1470 3115 τινὲς
1523 3032 1584 3116 ἐξ
1644 3036 1959 3106 ἀνατολῶν
2021 3039 2378 3133 ἀνίσχοντες
2447 3038 2664 3131 ἕτεροι,
2723 3040 2809 3105 ὧν
2871 3040 2903 3104 ὃ

440 3156 548 3245 μὲν
599 3155 1016 3248 Λυκόκαπρος,
1076 3158 1107 3224 ὃ
1159 3153 1223 3222 δὲ
1275 3155 1510 3250 Κοῦφος
1564 3150 1916 3233 ἐκαλοῦντο,
1974 3158 2129 3221 κατὰ
2165 3157 2275 3231 τὰς
2310 3150 2574 3244 ἐκβολὰς
2611 3150 2903 3234 ἀλλήλων

436 3270 816 3352 διεστηκότες
843 3272 947 3339 τὸν
987 3272 1143 3364 ἱερὸν
1178 3273 1403 3339 ἐκεῖνον
1437 3272 1623 3338 τόπον
1658 3270 2071 3364 παρήμειβον,
2128 3267 2550 3361 συμβαλόντες
2598 3268 2620 3306 ¹
2655 3268 2720 3337 δὲ
2752 3271 2906 3362 πρὸς

340 3407 406 3458 Ξΰ
439 3393 514 3484 τῇ
549 3389 848 3482 ἀκρωρείᾳ
898 3387 1001 3453 καὶ
1052 3390 1139 3464 είς
1184 3388 1244 3455 ἓν
1293 3385 1322 3424 ²
1355 3385 1540 3482 ἄμφω
1594 3387 1913 3482 γενόμενοι
1947 3384 1974 3424 ³
2017 3385 2117 3453 διὰ
2167 3389 2280 3466 τῆς
2329 3386 2555 3464 Λυκίας
2605 3380 2855 3480 ἐξῄεσαν
2884 3439 2938 3467 .-

440 3501 772 3598 ὑπέρχεται
808 3506 1008 3573 τοίνυν
1042 3504 1183 3581 τοὺς
1217 3507 1371 3571 κατὰ
1414 3507 1526 3585 τῆς
1572 3499 1884 3592 εὐσεβείας
1931 3500 2372 3593 ὁπλιζομένους
2422 3504 2453 3570 ὁ
2486 3504 2752 3596 πονηρὸς
2802 3503 2905 3569 καὶ

437 3619 689 3698 τούτους
715 3623 953 3715 ἀφεῖναι
989 3623 1142 3687 κατὰ
1167 3622 1273 3688 τοῦ
1311 3620 1488 3714 ἁγίου
1523 3621 1716 3689 τόπου
1742 3621 1888 3698 τοὺς
1914 3620 2227 3711 ποταμοὺς
2256 3617 2587 3695 ἀναπείθει,
2620 3619 2788 3696 ὅπως
2816 3621 2903 3709 μὴ

439 3736 507 3802 τὸ
543 3734 700 3803 θεῖον
737 3734 897 3830 ὕδωρ
932 3739 1122 3806 έκεῖνο
1177 3737 1360 3828 μόνον
1396 3732 1558 3802 ἀλλὰ
1613 3736 1717 3802 καὶ
1763 3735 1947 3803 αὐτὸν
1990 3734 2187 3816 δήπου
2245 3737 2399 3826 μετὰ
2449 3736 2557 3802 τοῦ
2603 3736 2749 3802 ναοῦ
2801 3735 2905 3802 τὸν

440 3851 628 3918 τόπον
664 3854 724 3918 οἱ
757 3854 1026 3944 ποταμοὶ
1060 3850 1478 3945 κατασύρωσιν
1503 3870 1520 3888 ·
1556 3848 1633 3930 ἦν
1668 3854 1789 3945 γὰρ
1823 3850 2018 3928 οὕτως
2054 3847 2357 3928 ἐπικλινὲς
2396 3852 2584 3918 ἐκεῖνο
2617 3851 2686 3916 τὸ
2724 3850 2905 3942 μέρος

529 4045 630 4126 (ζ’.
667 4082 747 4091 -
781 4045 803 4083 ¹
833 4048 1082 4128 ἑκάτερον
1110 4057 1174 4115 in
1204 4052 1384 4105 litura
1412 4068 1468 4122 q.
1505 4080 1583 4090 —
1614 4043 1640 4081 2
1669 4068 1780 4106 om.
1818 4051 1886 4116 Q.
1916 4044 2037 4090 —3
2059 4068 2169 4105 om.
2195 4050 2276 4105 R.
2297 4079 2378 4088 --
2404 4042 2536 4103 ⁴‘ita
2565 4048 2685 4113 PR,
2706 4038 2906 4125 χρυσὸς

445 4134 513 4200 Q.
548 4164 629 4173 --
652 4127 679 4167 ¹⁵
706 4152 818 4190 om.
853 4134 925 4189 R.
959 4163 1040 4175 --
1062 4128 1089 4166 ⁶
1118 4125 1215 4188 δᾶδ
1244 4135 1414 4201 PQR.
1443 4163 1524 4172 —
1555 4127 1579 4165 ‘1
1601 4127 1784 4208 λαβὼν
1812 4134 1886 4189 R.

526 4211 607 4272 Z'.
642 4246 723 4258 —
773 4211 796 4249 ¹
836 4211 1235 4291 συμβάλλοντες
1263 4234 1301 4288 q
1328 4217 1399 4273 R.
1430 4247 1511 4255 —
1532 4210 1559 4247 ²
1581 4212 1671 4289 (εἷς
1691 4215 1763 4291 ἓν)
1789 4216 1862 4278 εἷς
1886 4216 2017 4284 ΡΩ;
2045 4218 2155 4286 cfr.
2182 4217 2252 4270 de
2279 4213 2558 4284 Thea-lap.
2587 4217 2695 4267 845
2716 4214 2766 4267 A
2790 4210 2904 4286 ἅμα

445 4296 726 4376 ἀμφότερα
755 4295 947 4375 συνέβη
979 4299 1046 4353 τὰ
1077 4297 1211 4378 μέρη
1246 4297 1359 4373 (τῆς
1384 4294 1601 4375 πέτρας)
1625 4299 1714 4353 καὶ
1743 4296 1814 4359 εἷς
1842 4300 1899 4354 ἓν
1926 4294 2159 4375 γέγονεν,
2194 4328 2275 4339 —-
2303 4290 2330 4329 ³
2350 4293 2614 4372 γινόμενοι
2636 4296 2753 4368 qR.
2825 4339 2830 4343 ·

527 4478 604 4555 (1)
664 4479 780 4537 cfr.
839 4499 1038 4537 comm.
1094 4484 1162 4537 de
1217 4481 1455 4537 Timoth.
1511 4499 1567 4554 p.
1616 4480 1734 4536 761
1782 4482 1828 4535 B
1887 4478 1977 4533 καὶ
2024 4473 2207 4556 χωλὸν
2246 4468 2298 4540 ἐξ
2347 4474 2512 4545 αὐτῆς
2555 4472 2657 4531 εἶδε
2692 4481 2789 4543 τῆς
2833 4476 2904 4537 εἷς

445 4567 560 4639 φῶς
589 4559 845 4639 προόδου,
878 4558 923 4616 ὢ
952 4562 1091 4624 θείας
1123 4562 1440 4638 ἐπισκοπῆς,
1474 4560 1519 4618 ὢ
1548 4557 1853 4640 παραδόξου
1892 4558 2187 4635 θαύματος,
2237 4558 2358 4636 ὑγιᾶ
2505 4556 2850 4636 γεγενημένον
2886 4572 2900 4588 ·

444 4662 502 4717 p.
559 4647 681 4703 772
711 4648 794 4715 D3
829 4665 1031 4701 comm.
1077 4649 1145 4702 de
1192 4649 1282 4703 J0.
1330 4667 1387 4720 p.
1425 4648 1544 4703 689
1578 4646 1663 4715 03
1717 4649 1786 4701 de
1843 4646 2045 4701 Thecla
2094 4663 2150 4716 p.
2202 4644 2432 4710 84403
2472 4652 2644 4697 mart.
2700 4642 2907 4712 Thyrsi

443 4745 500 4799 p.
530 4728 649 4784 525
674 4727 717 4785 C
746 4748 761 4797 ς
790 4731 863 4787 al.
894 4761 974 4770 —
1004 4728 1080 4804 (2)
1111 4731 1319 4788 Psalm.
1349 4731 1425 4787 26
1457 4730 1597 4806 (27),
1637 4730 1711 4787 12
1738 4749 1753 4799 3
1788 4731 1892 4784 cfr.
1927 4730 1996 4782 de
2030 4728 2232 4783 Thecla
2259 4746 2316 4799 p.
2348 4727 2464 4782 837
2503 4727 2544 4781 C
2575 4719 2816 4791 ἡ·ἁδικία
2842 4725 2905 4779 τὸ

444 4813 541 4863 τοῦ
574 4808 713 4940 θείὲυ
730 4809 901 4942 ιε,φάναι
924 4807 1096 4887 Δαβὶδ
1127 4807 1384 4885 ἐψεύσατο
1416 4810 1626 4880 ἑαυτήν.
2675 4885 2710 4936 4
